1846 3288
284 215 391 248 LXII
842 213 1136 247 PRAEFATIO

285 330 493 380 Porphyrii
514 336 556 368 et
574 330 768 369 Iohannis
787 330 953 366 Stobaci
988 335 1169 367 aetatem
1194 341 1285 366 cum
1308 328 1372 366 ina
1404 330 1695 367 sententiarum

288 398 450 448 farrago
480 399 522 435 in
553 398 686 447 capita
718 397 879 445 digesta
900 404 1024 440 esset,
1056 409 1138 434 non
1161 396 1305 433 mirum
1329 396 1362 433 si
1388 397 1554 444 quando
1577 397 1696 434 libra·

284 465 434 502 rorium
467 465 591 514 culpa
622 464 786 502 nomina
815 465 1057 512 scriptorum
1088 465 1175 501 siue
1206 464 1377 501 traiecta
1408 464 1493 500 siue
1523 463 1696 501 confusa

284 539 380 569 sunt
396 529 422 583 ¹,
456 531 491 570 h.
509 545 543 569 e.
581 533 614 569 si
640 531 845 568 Iohannes
878 542 949 579 pro
974 530 1252 579 Pythagoricis
1282 530 1424 567 habuit
1452 542 1558 579 quae
1579 537 1695 568 erant

284 598 495 648 Epicurea.
534 599 591 636 sic
621 598 743 636 etiam
767 603 912 646 postea
945 596 987 636 fr.
1007 597 1080 645 Ep.
1102 599 1182 636 489
1216 609 1251 646 p.
1275 598 1370 642 307,
1398 600 1416 634 1
1452 597 1617 646 (Porph.
1642 599 1695 636 30

284 677 320 714 p.
340 666 521 712 29:3‚20)
552 677 635 702 non
666 665 799 713 potuit
826 665 866 701 in
896 664 1193 712 gnomologion
1215 664 1314 701 illud
1332 663 1599 713 Byzantinum
1632 676 1694 701 re-

285 733 363 782 cipi
387 740 484 770 ante
508 743 630 780 quam
655 732 694 768 in
712 744 761 769 eo
781 731 907 781 fonte,
933 731 998 768 cui
1016 730 1282 768 Democritea
1300 731 1515 778 debentur,
1533 731 1696 780 Epicuri

284 812 436 838 nomen
472 782 710 837 Derriocrito
741 799 941 836 cessisset.
991 797 1086 835 Non
1118 810 1269 834 uanum
1300 799 1463 835 uidetur
1494 798 1694 835 somnium

285 869 378 905 iilud
419 866 711 917 gnomologion
750 864 1100 914 philosophorum.
1153 872 1196 901 ut
1238 872 1397 902 taceam
1435 871 1592 913 septem
1632 876 1696 901 sa-

285 936 483 983 pientium
517 934 743 971 sententias
775 945 857 969 non
889 933 1017 970 semel
1049 933 1300 981 conpositas,
1333 938 1447 969 extat
1477 933 1515 969 in
1551 933 1696 969 codice

287 1001 501 1038 Parisiensi
553 1001 656 1039 1166
697 1001 850 1048 sylloge
882 1011 1012 1048 paruo
1051 999 1220 1048 ambitu,
1268 996 1530 1047 φιλοσόφων
1575 995 1697 1044 λόγοι

287 1080 393 1117 quae
426 1067 668 1116 inscribitur,
708 1066 819 1104 edita
859 1079 880 1103 a
913 1065 1187 1103 Boissonadio
1219 1066 1376 1103 Anecd.
1410 1073 1426 1104 Ι
1458 1078 1492 1114 p.
1519 1066 1695 1103 120—6.

258 1148 267 1159 ⁹
287 1135 541 1184 decrepitam
570 1147 621 1171 ea
652 1145 749 1183 prae
781 1145 824 1170 se
858 1133 935 1170 fert
965 1139 1145 1171 aetatem
1165 1132 1443 1182 Byzantinam.
1488 1139 1528 1170 et
1558 1138 1697 1169 tamen

286 1203 425 1240 insunt
455 1202 685 1239 sententiae
719 1208 807 1240 XIII
839 1200 1003 1238 nomine
1031 1191 1286 1249 Ἐπικούρου
1317 1200 1570 1249 praescripto
1601 1211 1699 1237 con·

283 1275 487 1318 gregatae.
532 1269 584 1306 ab
621 1269 763 1306 erroris
805 1268 1037 1317 suspicione
1072 1274 1298 1316 temperare
1328 1266 1424 1304 mihi
1456 1278 1539 1303 non
1566 1267 1696 1315 potui,

287 1337 428 1387 fateor,
459 1349 535 1373 nec
557 1337 706 1386 recepi.
751 1336 826 1373 sed
859 1337 1120 1373 undecimam
1151 1348 1187 1385 p.
1212 1337 1305 1387 123,
1329 1336 1350 1373 5
1383 1326 1569 1384 Ἐχθροῦ
1601 1336 1696 1385 δεη-

284 1401 437 1452 θέντος
471 1401 524 1452 μὴ
558 1400 850 1454 ἀποστραφῇς
888 1401 958 1451 τὴν
993 1399 1193 1443 ἀξίωσιν·
1224 1401 1336 1451 πλὴν
1361 1399 1605 1452 ἀσφαλίζου
1626 1400 1698 1442 αὑ-

286 1468 386 1510 τόν·
434 1468 563 1509 οὐδὲν
602 1468 684 1519 γὰρ
724 1468 853 1518 κυνὸς
893 1468 1089 1519 διαφέρει
1132 1482 1222 1508 cum
1265 1471 1445 1508 Antonio
1493 1470 1696 1507 Maximus

286 1537 530 1586 Epicuream
567 1549 660 1574 esse
691 1537 756 1587 (fr.
790 1538 888 1583 215)
920 1544 1104 1576 testatur.
1153 1536 1318 1587 Optima
1348 1544 1485 1574 autem
1517 1537 1598 1574 fide
1631 1544 1694 1574 est

288 1606 419 1642 codex
454 1604 692 1642 parisiensis
736 1606 841 1643 1168
882 1606 977 1642 olim
1010 1605 1203 1642 Mazarini
1241 1616 1348 1643 saec,
1377 1611 1479 1648 XIII,
1526 1606 1578 1641 de
1614 1617 1698 1653 quo

287 1683 417 1720 nuper
443 1671 787 1709 Freudenthalius
823 1672 977 1709 rettulit
1007 1683 1109 1711 mus.
1142 1671 1273 1710 Rhen.
1315 1679 1340 1709 t.
1371 1677 1506 1711 XXXV
1544 1684 1582 1721 p.
1614 1673 1697 1710 409

285 1750 374 1788 sqq.
432 1738 621 1788 leguntur
651 1738 691 1775 in
723 1750 773 1775 eo
807 1738 831 1778 s.
853 1740 928 1777 115
962 1738 1124 1787 γνῶμαι
1156 1736 1387 1787 ἐπικούρου
1419 1736 1537 1787 (infra
1572 1738 1695 1777 f.129

286 1817 367 1842 uua
399 1806 660 1855 subsequitur
691 1807 878 1843 eiusdem
910 1801 1147 1857 sententia),
1180 1817 1279 1855 quas
1301 1805 1476 1843 Bonneti
1498 1806 1578 1844 mei
1600 1807 1697 1843 ami-

287 1873 408 1910 citiae
454 1874 609 1912 debeo:
656 1875 699 1911 fr.
732 1876 824 1913 339.
864 1876 957 1913 220.
997 1874 1090 1913 388.
1129 1875 1222 1913 488.
1268 1875 1360 1913 187.
1403 1874 1497 1921 537,
1545 1873 1697 1911 deinde

287 1939 314 1979 f.
348 1941 425 1978 129
460 1940 503 1978 fr.
535 1942 628 1980 469.
676 1942 784 1980 nulla
816 1941 919 1978 inter
950 1953 1020 1979 eas
1053 1941 1232 1991 Epicuro
1263 1953 1347 1979 non
1378 1941 1518 1990 digna,
1555 1952 1698 1978 omnes

285 2007 409 2045 etiam
431 2007 613 2045 Maximo
650 2010 853 2058 cognitae,
887 2010 943 2047 ita
973 2016 1112 2047 tamen
1143 2008 1397 2058 conpositae,
1427 2014 1472 2045 ut
1492 2019 1626 2056 neque
1647 2019 1696 2044 ex

284 2074 464 2112 Maximo
496 2087 632 2125 neque
667 2088 716 2112 ex
751 2076 864 2113 fonte
895 2076 1062 2113 Maximi
1092 2087 1215 2124 quem
1246 2074 1545 2113 Wacbsmuthii
1577 2086 1697 2123 saga·

286 2142 387 2179 citas
425 2143 701 2192 inuestigauit,
732 2142 936 2180 parallelis
974 2143 1097 2180 sacris
1135 2141 1317 2192 profanis
1358 2148 1574 2191 excerptas
1603 2153 1696 2179 esse

286 2210 498 2259 probabile
529 2210 591 2249 sit.
640 2211 779 2259 itaque
809 2222 891 2248 non
914 2217 1102 2260 poteram
1125 2211 1221 2259 quin
1242 2210 1316 2248 has
1339 2216 1381 2247 et
1402 2209 1575 2247 fortasse
1597 2209 1697 2247 alias

287 2278 441 2314 codicis
479 2277 585 2314 illius
626 2284 763 2326 partes
800 2290 850 2314 ex
894 2277 1118 2315 uetustiore
1158 2276 1423 2327 gnomologio
1469 2277 1697 2314 seeundum

284 2345 452 2382 nomina
491 2345 827 2394 philosophorum
862 2346 1067 2394 disposito
1105 2351 1288 2394 sumptas
1325 2356 1418 2382 esse
1463 2350 1696 2387 statuerem,

285 2423 422 2461 neque
455 2412 572 2449 aliter
588 2411 915 2450 Wachsmuthius
948 2412 1142 2450 iudicauit
1176 2409 1340 2449 Studien
1369 2423 1417 2448 zu
1448 2411 1519 2447 den
1546 2409 1696 2459 gra'ech.

274 2479 504 2528 florz'legw‘en
537 2478 688 2528 (Berol.
716 2478 840 2526 1882)
861 2491 900 2528 p.
925 2480 1016 2519 135.
1061 2478 1221 2516 interim
1249 2477 1301 2515 ab
1335 2477 1516 2516 Antonio
1544 2477 1696 2524 Eltem,

288 2546 357 2594 qui
388 2546 576 2584 codicem
607 2547 696 2595 ipse
728 2547 970 2596 explorauit,
1002 2546 1131 2583 didici
1147 2545 1313 2582 Maximi
1343 2545 1529 2594 syllogen
1552 2544 1696 2581 ordine

408 2695 426 2728 1
452 2696 498 2729 cs.
524 2694 817 2729 Wachsmuthius
844 2697 1000 2729 Studien
1027 2705 1060 2738 p.
1089 2696 1155 2730 101
1194 2700 1228 2728 et
1262 2694 1361 2733 alibi,
1397 2693 1695 2727 Frendenthalius

285 2764 372 2789 muS.
399 2754 520 2789 Rhen.
548 2759 571 2789 t.
598 2764 705 2790 mv
730 2766 765 2799 p.
779 2754 850 2789 423
865 2766 918 2799 sq.
944 2754 1027 2789 421.
