1842 3250
838 594 1198 633 SPICILEGIVM

530 693 963 726 FRAGMENTORVM
988 694 1052 726 ET
1078 694 1502 727 TESTIMONIORVM

360 807 674 840 TESTIMONIIS
699 808 768 840 ΑΓ)
775 808 949 840 DATVR

211 911 243 943 p.
264 899 285 933 2
311 898 506 933 Lmnnvs
531 898 730 933 Diosmms
756 910 782 933 x
807 900 849 934 31
885 900 983 943 λέγει
1010 900 1050 935 δέ
1076 901 1138 935 καὶ
1163 900 1202 935 ὲν
1227 903 1274 945 τῇ
1305 901 1433 944 Πρὸς
1457 901 1720 945 Ἡρόδοτον

313 964 509 1008 ἐπιτομῇ
537 963 630 1007 (uide
656 975 689 1007 p.
710 964 784 1006 70).
1748 973 1764 997 5

242 1037 286 1072 70
312 1038 565 1073 anmncflvs
592 1040 636 1071 de
655 1039 802 1082 Pythiae
825 1050 917 1074 orac.
939 1040 980 1074 11
1009 1051 1043 1083 p.
1063 1040 1149 1075 3990
1175 1040 1255 1075 ἐπεὶ
1281 1040 1317 1076 τί
1341 1041 1475 1075 κωλύει
1502 1040 1622 1075 εἰπεῖν
1644 1041 1720 1076 ἕτε-

312 1114 392 1146 ρον,
416 1106 467 1145 ὡς
486 1104 554 1138 οὐκ
574 1104 717 1147 ἔγραψε
739 1103 806 1145 τὰς
824 1103 987 1147 Κυρίας
1015 1105 1102 1146 ὑμῖν
1119 1104 1347 1148 Ἐπίκουρος,
1375 1105 1405 1139 ὧ
1421 1105 1553 1148 Βόηθε,
1574 1105 1719 1148 δόξας,

314 1169 391 1203 ἀλλ’
427 1169 501 1203 ἀπὸ
535 1169 651 1212 τύχης
678 1170 737 1203 καὶ
769 1169 994 1211 αὐτομάτως
1027 1170 1130 1204 οὕτω
1157 1170 1252 1213 πρὸς
1280 1171 1422 1213 ἄλληλα
1448 1172 1528 1204 τῶν
1554 1170 1719 1214 γραμμά-

312 1245 390 1268 των
415 1233 690 1275 συμπεσόντων
717 1233 950 1276 ἀπετελέσθη
976 1235 1020 1269 τὸ
1048 1234 1205 1277 βιβλίον;

313 1298 506 1331 Ξυιιοωοκ
539 1299 573 1330 in
605 1297 794 1331 Clementis
825 1299 888 1332 Al.
921 1299 1076 1340 Paedag.
1107 1309 1136 1332 11
1165 1299 1209 1333 10
1239 1300 1318 1343 (Ep.
1351 1300 1394 1332 fr.
1421 1299 1466 1333 «32
1496 1310 1529 1342 p.
1555 1299 1633 1341 118,
1661 1297 1720 1342 ⁶29)
1748 1308 1783 1333 10

313 1370 334 1395 t.
354 1371 393 1395 ιν
411 1373 443 1405 p.
465 1360 531 1395 126
549 1361 674 1395 Klotz.
698 1359 917 1405 Ἐπίκουρος
943 1361 1056 1403 οὗτος
1082 1362 1122 1396 ὲν
1151 1365 1206 1406 τῷ
1234 1362 1544 1405 ἐπιγεγραμμένῳ
1563 1361 1720 1404 Κύριαι

313 1426 434 1461 δόξαι
462 1426 546 1468 ἦτοι
573 1425 838 1468 Ἐπικούρου
873 1424 1023 1467 φωναί
1054 1428 1175 1459 ταῦτα
1204 1426 1265 1458 καὶ
1289 1425 1400 1467 ἕτερα
1425 1425 1523 1466 λέγει
1550 1427 1718 1459 τοιαῦτα.

184 1502 241 1540 ⁸7,
260 1503 280 1535 ‘A
309 1503 350 1535 de
378 1502 576 1544 Chrysippo
604 1502 646 1534 cf.
675 1501 830 1533 Galenus
857 1501 900 1534 de
926 1502 1155 1544 Hippocratis
1184 1508 1217 1533 et
1240 1489 1403 1533 ‘Platonis
1431 1501 1606 1542 dogmatis
1636 1510 1680 1534 111
1698 1501 1721 1534 4

313 1572 335 1599 t.
363 1577 382 1596 v
409 1577 442 1608 p.
460 1565 531 1599 5314
546 1577 596 1609 sq.
624 1566 674 1599 K.
703 1565 769 1599 281
800 1566 925 1599 Muell.
958 1565 1151 1608 ἐμπλήσας
1182 1566 1202 1599 ὁ
1231 1564 1448 1608 Χρύσιππος
1482 1565 1572 1599 ὅλον
1598 1565 1642 1599 τὸ
1671 1567 1719 1607 βι-

314 1630 414 1671 βλίον
440 1631 542 1665 ἐπῶν
567 1628 782 1673 Ὁμηρικῶν
815 1631 875 1664 καὶ
902 1629 1119 1665 Ἡσιοδείων
1150 1631 1210 1665 καί
1240 1629 1515 1673 Στησιχορείων
1546 1629 1719 1672 Ἐμπεδο-
1748 1638 1781 1663 15

313 1695 448 1729 κλείων
482 1706 522 1730 τε
553 1697 611 1729 καὶ
639 1695 841 1739 Ὀρφικῶν,
880 1696 935 1729 ἔτι
966 1696 1006 1730 δὲ
1033 1696 1127 1739 πρὸς
1152 1695 1302 1737 τούτοις
1337 1695 1378 1729 ἐκ
1411 1698 1478 1737 τῆς
1507 1693 1722 1739 τραγῳδίας

313 1761 372 1793 καὶ
399 1760 499 1802 παρὰ
528 1759 712 1803 Τυρταίου
739 1761 799 1794 καὶ
825 1762 904 1794 τῶν
932 1760 1058 1794 ἄλλων
1085 1761 1254 1803 ποιητῶν
1284 1760 1354 1794 οὐκ
1381 1758 1489 1801 ὀλίγα
1514 1759 1723 1803 παραθέμε-

310 1835 386 1866 νος,
414 1825 494 1858 εἶτα
522 1825 638 1866 μόνον
664 1824 709 1859 οὐ
736 1825 860 1866 συνεὶς
885 1827 953 1868 τῆς
979 1827 1200 1868 θαυμαστῆς
1230 1825 1276 1867 δὴ
1303 1825 1444 1867 ταύτης
1471 1825 1722 1868 ἀπεραντολο-

312 1888 394 1930 γίας
421 1888 552 1932 (τοῦτο
579 1890 650 1933 γὰρ
677 1890 772 1932 αὐτῇ
800 1891 942 1931 μᾶλλον
967 1891 1130 1933 ἡγοῦμαι
1159 1889 1365 1933 προσήκειν
1391 1890 1574 1932 τοῦνομα)
1602 1891 1723 1923 ταῦτα

312 1954 407 1988 κατὰ
433 1954 529 1988 λέξιν
556 1954 743 1997 ἐπιφέρει·
771 1954 897 1988 ’ταυτὶ
925 1954 992 1995 μὲν
1014 1954 1204 1996 φήσουσιν
1231 1952 1453 1994 ἀδολεσχίαν
1480 1953 1573 1986 εἶναι
1596 1950 1720 1994 γραώ-
1746 1961 1782 1986 20

313 2017 371 2060 δη,
398 2017 514 2060 τυχὸν
541 2018 581 2052 δὲ
608 2019 668 2051 καὶ
693 2018 925 2060 γραμμάτων
951 2017 1180 2052 διδασκάλου
1207 2016 1437 2059 βουλομένου
1465 2015 1616 2058 στίχους
1641 2015 1661 2049 ὅ
1687 2025 1724 2049 τι

312 2081 511 2123 πλείστους
538 2083 612 2116 ὑπὸ
637 2082 681 2116 τὸ
700 2082 793 2116 αὐτὸ
815 2082 1001 2125 διανόημα
1019 2079 1154 2117 τάξαι’.
1195 2083 1319 2122 καλῶς
1337 2082 1450 2123 εἶπες,
1471 2080 1501 2114 ὧ
1517 2080 1721 2124 Χρύσιππε,

312 2149 453 2180 ταῦτα·
494 2147 644 2180 κάλλιον
680 2148 720 2182 δὲ
746 2148 803 2189 ῆν,
837 2146 870 2182 εἰ
900 2147 948 2190 μὴ
983 2148 1100 2189 μόνον
1132 2148 1234 2188 εἶπες
1267 2147 1360 2181 ἀλλὰ
1392 2147 1452 2180 καὶ
1482 2145 1722 2180 παντάπασιν

313 2210 486 2253 ἐφυλάξω
512 2211 581 2252 τὴν
605 2211 759 2254 γραώδη
786 2212 930 2254 ταύτην
957 2211 1190 2254 ἀδολεσχίαν.

177 2286 289 2325 2521?
309 2285 431 2319 Pilum
458 2287 501 2318 de
527 2287 750 2329 prouidentia
776 2297 788 2320 1
808 2287 854 2321 50
880 2298 913 2330 p.
933 2286 978 2321 23
1005 2287 1123 2320 Aucli.
1151 2285 1265 2319 ‘dicat
1292 2286 1376 2318 mihi
1401 2287 1587 2329 Epicurus,
1615 2289 1716 2328 quot·
1743 2291 1778 2316 25

312 2356 398 2392 quot
439 2351 514 2393 ipse
553 2351 758 2394 scriptiones
802 2352 928 2390 edidit,
979 2359 1092 2384 utrum
1134 2362 1175 2384 ex
1214 2351 1438 2394 prouidentia
1477 2349 1720 2392 sapientiaque

313 2415 490 2457 scripserit
521 2426 563 2446 an
601 2415 672 2447 sine
702 2416 883 2459 sapientia.
925 2417 953 2448 si
989 2417 1080 2449 enim
1118 2417 1194 2448 sine
1227 2415 1449 2459 prouidentia
1480 2414 1720 2457 sapientiaque

313 2480 462 2522 scripsit,
489 2491 576 2511 aune
603 2480 669 2512 sibi
695 2479 828 2521 gloriae
855 2480 994 2513 tribuet.
1023 2490 1112 2523 quac
1138 2470 1286 2522 scripsit,
1314 2479 1416 2511 huius
1442 2478 1539 2511 modi
1566 2488 1656 2516 esse,
1683 2484 1721 2510 ut

313 2543 485 2586 sapientia
515 2550 547 2576 et
580 2544 766 2587 disciplina
800 2545 968 2577 destituta
1006 2555 1085 2577 esse
1120 2544 1329 2577 uideantur?
1382 2544 1510 2587 quodsi
1547 2543 1720 2585 sapienter

433 2675 453 2709 7
479 2674 582 2719 ὑμῖν]
611 2679 698 2717 ημῖν
724 2675 806 2708 libri
828 2673 834 2720 Ι
858 2677 901 2709 de
925 2676 1096 2709 sententia
1123 2677 1165 2708 cs.
1193 2686 1226 2718 p.
1247 2675 1327 2714 257,
1350 2674 1392 2709 17
1420 2686 1497 2707 cum
1525 2675 1604 2708 adn.
1633 2671 1650 2719 ΙΙ
1678 2674 1720 2708 18

312 2736 428 2777 μόνον
456 2734 516 2777 οὐ]
545 2736 594 2776 μὴ
621 2735 712 2777 libri,
742 2734 885 2767 delebat
913 2735 1108 2768 Muellerus
