1842 3250
185 723 255 757 398

281 209 353 242 274
773 210 975 242 EPICVRI
1005 210 1196 242 ETHICA

283 332 372 355 esse.
423 327 545 355 contra
579 322 644 354 ille
679 327 876 355 conuocata
907 323 951 354 de
986 323 1140 356 hortulis
1175 323 1212 355 in
1244 323 1414 356 auxilium
1446 324 1548 367 quasi
1574 324 1689 358 libera

281 386 384 419 turba
415 387 700 426 temulentorum,
742 388 986 430 quaerentium
1017 394 1132 419 tamen
1161 398 1265 430 quem
1292 388 1482 431 incomptis
1510 390 1688 430 unguibus

281 450 495 482 bacchantes
524 461 720 494 asperoque
749 462 808 484 ore
835 452 1050 494 discerpant,
1080 452 1274 495 uoluptatis
1301 463 1441 493 nomen,
1466 455 1689 494 suauitatem,

281 515 435 558 quietem
467 519 557 547 teste
592 515 729 558 populo
766 526 980 557 exaggerans
1015 516 1123 548 instat
1159 517 1295 555 acriter,
1337 523 1375 550 ut
1399 519 1469 551 nisi
1497 529 1538 551 ea
1564 519 1689 552 beatus

280 590 384 611 nemo
413 590 492 611 esse
517 590 625 622 posse
652 580 842 614 uideatur’.

281 645 324 677 cs.
352 644 446 676 idem
474 654 577 677 serm.
605 651 651 676 CL
679 645 699 678 5
719 654 795 688 sqq.
823 649 847 678 t.
866 652 893 677 V
919 655 951 687 p.
971 644 1040 679 713
1056 655 1109 687 sq.

401 724 542 758 CICERO
570 725 614 757 de
640 724 770 757 finibus
797 733 823 757 11
849 726 905 762 10,
925 725 968 758 31
997 725 1052 757 ‘A
1077 725 1202 767 primo,
1230 730 1268 758 ut
1295 725 1434 769 opinor,
1462 726 1690 760 animantium

282 794 360 822 ortu
379 789 512 833 petitur
539 790 641 830 origo
669 790 795 821 summi
823 789 922 822 boni.
949 789 1054 822 simul
1081 795 1186 832 atque
1213 795 1332 822 natum
1358 790 1489 823 animal
1516 795 1581 829 est,
1607 801 1690 832 gau-

281 855 341 886 det
364 854 548 896 uoluptate
575 859 609 886 et
637 864 711 886 eam
739 854 875 896 adpetit
899 858 937 885 ut
963 855 1107 892 bonum,
1137 860 1344 897 aspernatur
1369 855 1531 888 dolorem
1557 860 1595 887 ut
1620 866 1691 888 ma-

280 918 365 950 lum.
392 918 436 950 de
463 918 564 949 malis
594 923 710 950 autem
737 924 772 950 et
799 918 905 950 bonis
931 918 1047 951 abiis
1077 918 1302 957 animalibuS‚
1329 929 1420 961 quae
1446 919 1604 952 nondum
1632 920 1692 952 de-

280 987 427 1025 prauata
454 982 534 1020 sint,
574 982 622 1014 ait
656 982 789 1026 optime
821 982 972 1014 iudicari
999 1008 1007 1016 .
1027 1009 1034 1017 .
1055 1008 1062 1016 .
1081 1009 1090 1016 .
1119 993 1184 1015 uec
1210 987 1327 1015 tamen
1354 989 1596 1025 argumentum
1622 984 1691 1017 hoc

280 1046 455 1090 Epicurus
481 1058 500 1078 a
524 1047 642 1090 paruis
664 1047 792 1090 petiuit
817 1052 877 1079 aut
904 1047 1009 1079 etiam
1035 1057 1056 1079 a
1081 1047 1219 1086 bestiis,
1248 1058 1338 1090 quae
1363 1052 1464 1091 putat
1491 1058 1570 1081 esse
1597 1059 1691 1091 spe-

281 1111 378 1143 cula
407 1116 603 1150 naturae,
639 1117 676 1143 ut
704 1100 838 1144 diceret
865 1112 909 1144 ab
936 1112 980 1144 iis
1007 1112 1097 1144 duce
1123 1117 1246 1144 natura
1270 1113 1361 1144 hanc
1386 1112 1608 1156 uoluptatem
1636 1123 1692 1146 ex·

280 1175 354 1218 peti
373 1175 463 1208 nihil
484 1176 644 1210 dolendi.
672 1186 787 1218 neque
813 1177 906 1208 enim
933 1176 1021 1208 haec
1046 1186 1190 1209 mouere
1216 1181 1336 1220 potest
1362 1176 1557 1219 adpetitum
1585 1177 1692 1210 animi

281 1250 346 1272 nec
373 1240 485 1272 ullum
517 1241 627 1273 habet
652 1241 759 1272 ictum
786 1251 857 1283 quo
882 1241 995 1283 pellat
1023 1241 1175 1273 animum
1209 1245 1321 1274 status
1347 1240 1405 1274 hie
1432 1252 1504 1274 non
1531 1241 1691 1275 dolendi.

309 1331 317 1338 .
338 1330 345 1338 .
366 1331 373 1337 .
409 1305 531 1337 atille
558 1305 674 1348 pellit,
714 1306 774 1347 qui
807 1305 1004 1347 permulcet
1038 1316 1179 1337 sensum
1214 1306 1410 1349 uoluptate.
1462 1306 1583 1349 itaque
1609 1306 1693 1349 Epi-

281 1380 385 1401 curus
412 1379 551 1413 semper
577 1370 646 1401 hoe
672 1370 794 1407 utitur,
824 1374 861 1401 ut
886 1370 1016 1412 probet
1044 1369 1265 1412 uoluptatem
1290 1374 1415 1402 natura
1442 1371 1570 1413 expeti,
1596 1371 1694 1413 quod

282 1444 324 1465 ea
351 1434 528 1477 uoluptas,
556 1443 646 1475 quae
672 1433 707 1465 in
736 1438 833 1465 motu
861 1434 917 1472 sit,
957 1439 991 1465 et
1017 1445 1146 1476 paruos
1176 1434 1220 1465 ad
1252 1444 1289 1466 se
1317 1434 1462 1467 adliciat
1488 1439 1522 1466 et
1547 1434 1694 1473 bestias,

281 1509 353 1529 non
379 1499 442 1530 illa
470 1498 623 1536 stabilis,
651 1499 686 1530 in
713 1509 782 1541 qua
808 1503 944 1530 tantum
969 1498 1063 1530 inest
1088 1498 1177 1530 nihil
1205 1498 1356 1531 dolere'.

283 1564 325 1595 cs.
353 1564 410 1600 33,
443 1563 509 1596 109
534 1563 774 1606 ‘uoluptatem
801 1563 928 1595 bestiis
956 1563 1207 1602 concedamus,
1235 1563 1365 1605 quibus
1391 1573 1457 1595 uos
1485 1563 1530 1595 de
1558 1573 1693 1594 summo

282 1628 379 1659 bono
408 1628 557 1660 testibus
586 1628 636 1659 uti
663 1627 820 1661 soletis‘.

282 1693 376 1724 idem
402 1693 517 1725 Acad.
542 1698 674 1735 poster.
700 1700 715 1724 Ι
740 1692 775 1730 2,
795 1692 815 1724 6
842 1692 904 1723 ‘de
931 1692 1003 1723 uita
1030 1697 1064 1723 et
1089 1692 1249 1724 moribus
1274 1697 1309 1724 et
1336 1693 1380 1724 de
1407 1691 1627 1734 expetendis·
1643 1692 1694 1723 su-

284 1757 496 1800 giendisque
524 1758 629 1789 rebus
659 1758 715 1789 illi
743 1756 944 1800 (Epicurei)
972 1756 1198 1799 simpliciter:
1224 1753 1374 1799 pec'udis
1402 1756 1497 1788 enim
1524 1762 1559 1788 et
1583 1755 1694 1788 homi-

283 1822 337 1854 nis
365 1822 459 1854 idem
487 1822 619 1853 bouum
648 1833 726 1853 esse
755 1820 930 1854 censent'.

283 1886 429 1918 Snxrvs
457 1887 579 1928 empir.
607 1886 776 1929 hypotyp.
804 1894 848 1918 111
880 1886 946 1919 194
971 1885 1059 1920 ὅθεν
1085 1885 1146 1919 καὶ
1172 1884 1206 1919 οἱ
1234 1884 1478 1928 Ἐπικούρειοι
1507 1883 1694 1919 δεικνύναι

282 1950 476 1992 νομίζουσι
512 1951 624 1993 φύσει
659 1950 811 1994 αἱρετὴν
846 1951 941 1985 εἶναι
971 1952 1042 1993 τήν
1076 1950 1237 1993 ἡδονήν·
1281 1950 1328 1984 τὰ
1360 1950 1432 1994 γὰρ
1464 1949 1543 1994 Ζῷά
1578 1956 1695 1992 φασιν

284 2015 359 2057 ἅμα
391 2019 446 2060 τῷ
479 2016 652 2057 γενέσθαι
687 2016 924 2059 ἀδιάστροφα
957 2015 1050 2050 ὄντα
1084 2016 1203 2058 ὁρμᾶν
1237 2015 1304 2057 μὲν
1338 2015 1398 2049 ἐπὶ
1432 2014 1502 2058 τὴν
1539 2012 1695 2057 ἡδονήν,

285 2080 464 2114 ἐκκλίνειν
490 2081 531 2114 δὲ
559 2080 779 2123 ἀλῖηδόνας.

283 2145 378 2176 idem
405 2145 526 2188 empir.
555 2146 634 2177 adn.
663 2145 818 2186 dogmat.
846 2153 872 2177 V
899 2143 1020 2185 (math.
1047 2145 1107 2188 xl)
1134 2144 1179 2178 96
1205 2144 1283 2179 ἀλλ’
1313 2143 1468 2179 εἰώθασί
1492 2153 1592 2185 τινες
1616 2145 1696 2177 τῶν

285 2208 358 2242 ἀπὸ
390 2212 458 2251 τῆς
489 2209 708 2252 Ἐπικούρου
743 2209 924 2252 αἱρέσεως
956 2209 1051 2252 πρὸς
1081 2209 1149 2250 τὰς
1179 2209 1358 2251 τοιαύτας
1389 2207 1549 2252 ἀπορίας
1579 2208 1696 2242 ὑπαν-

284 2276 426 2314 τῶντες
443 2274 564 2315 λέγειν
592 2274 648 2308 ὅτι
675 2276 845 2317 φυσικῶς
871 2275 932 2308 καὶ
957 2273 1168 2315 ἀδιδάκτως
1191 2274 1236 2308 τὸ
1262 2275 1362 2318 ζῷον
1388 2273 1522 2316 φεύγει
1540 2273 1607 2315 μὲν
1624 2272 1696 2314 τὴν

285 2336 487 2380 ἀλγηδόνα,
515 2337 641 2371 διώκει
668 2337 707 2371 δὲ
733 2337 803 2379 τὴν
829 2336 990 2380 ἡδονήν·
1016 2337 1200 2380 γεννηθὲν
1226 2339 1320 2378 γοῦν
1347 2337 1406 2371 καὶ
1433 2337 1590 2380 μηδέπω
1616 2325 1711 2378 ϊοῖςΧ

407 2450 428 2482 7
456 2450 528 2482 uid.
557 2460 589 2491 p.
611 2449 691 2486 264,
707 2449 728 2482 9
759 2460 836 2481 cum
864 2449 944 2481 adn.
985 2449 1027 2481 cf.
1054 2448 1237 2481 Hirzelius
1262 2453 1400 2482 unters.
1426 2455 1457 2481 11
1480 2447 1598 2492 p.671
1616 2458 1668 2490 sq.
1694 2445 1700 2491 Ι

286 2508 331 2541 23
352 2508 517 2541 solebant
536 2509 605 2540 hoc
624 2509 782 2551 Epicuro
803 2508 984 2540 obiectare
1003 2507 1114 2540 Stoici
1133 2509 1295 2547 maxime,
1313 2508 1357 2541 ef.
1378 2518 1484 2551 supra
1501 2518 1535 2551 p.
1552 2506 1635 2545 273,
1651 2506 1699 2540 28

286 2569 411 2600 Cicero
431 2570 536 2601 Tusc.
555 2570 646 2611 disp.
667 2576 693 2600 V
712 2568 770 2610 26,
790 2569 833 2601 73
860 2567 1073 2600 Plutarchus
1096 2574 1218 2600 contra
1235 2568 1335 2611 Epic.
1356 2567 1477 2600 beatit.
1496 2565 1522 2599 7
1536 2577 1569 2609 p.
1590 2566 1697 2600 10910

291 2627 328 2660 11
357 2639 390 2671 p.
413 2627 522 2660 1094*
553 2627 765 2659 cleomedes
793 2634 822 2659 ΙΙ
854 2628 867 2659 1
897 2638 930 2670 p.
954 2627 1032 2665 113,
1051 2627 1072 2660 9
1100 2627 1198 2665 Bak.,
1226 2631 1265 2659 ut
1289 2632 1407 2670 patres
1435 2625 1698 2658 ecclesiasticos

287 2686 482 2729 (specimen
508 2687 620 2718 habes
649 2698 753 2730 supra
779 2699 811 2730 p.
832 2687 913 2725 227,
933 2687 991 2729 13)
1019 2691 1172 2720 taceam:
1200 2697 1290 2730 quae
1316 2691 1440 2719 contra
1466 2685 1700 2718 disseruerint

286 2746 465 2788 Epicurei,
491 2746 613 2778 uideas
644 2757 686 2777 ex
712 2746 858 2778 Maximi
884 2746 982 2788 Tyrii
1009 2746 1094 2779 diss.
1121 2753 1167 2779 111
1194 2748 1215 2779 4
1241 2757 1275 2789 p.
1294 2746 1339 2780 33
1358 2756 1411 2789 sq.
1430 2747 1480 2779 R.

1716 928 1749 953 10

1716 991 1778 1025 (3³)

1720 1251 1750 1277 15

1717 1570 1751 1595 ‘20

1718 1890 1751 1916 ‘25

1720 2215 1754 2240 30
