1846 3288
285 299 333 334 54
874 298 1110 344 [Emcvm]

399 411 449 454 Οἱ
481 412 708 463 λεγόμενοι
739 411 924 463 ἀστέρες
956 412 1171 454 ἐκπίπτειν
1201 413 1270 454 καὶ
1300 413 1417 465 παρὰ
1439 414 1570 465 μέρος
1591 415 1700 458 κατὰ

283 485 548 539 παράτριψιν
584 487 733 537 νεφῶν
771 486 977 527 δύνανται
1014 487 1317 527 συντελεῖσθαι
1355 485 1423 527 καὶ
1459 487 1598 538 πυρὸς
1635 486 1700 528 ἔκ-

283 567 452 600 πτωσιν
482 555 535 600 οὗ
567 557 620 600 ἂν
641 557 666 608 ἡ
686 545 1042 609 ’ἐκπνευμάτωσις
1072 559 1258 609 γένηται,
1290 558 1401 601 καθά
1427 572 1508 610 περ
1536 560 1605 601 καὶ
1632 560 1700 602 ἐπὶ

284 633 373 673 τῶν
414 629 653 682 ἀστραπῶν
690 631 916 681 ἐλέγομεν·
976 631 1045 672 καὶ
1076 631 1184 672 κατὰ
1222 631 1413 673 σύνοδον
1445 633 1493 674 δὲ
1524 629 1700 683 ἀτόμων

284 701 422 753 πυρὸς
454 701 816 753 ἀποτελεστικῶν,
847 703 1096 754 συμφυλίας
1127 702 1364 752 γενομένης
1397 701 1457 752 εἰς
1487 703 1538 744 τὸ
1568 705 1699 746 τοῦτο
1723 717 1740 742 5

284 774 471 824 τελέσαι,
517 775 584 816 καὶ
626 775 791 825 κίνησιν
833 773 884 816 οὗ
923 774 976 817 ἂν
1013 775 1038 825 ἡ
1070 774 1179 826 ὁρμὴ
1219 775 1262 816 ἑξ
1305 774 1439 826 ἀρχῆς
1476 776 1584 817 κατὰ
1621 776 1700 827 τὴν

285 847 478 888 σύνοδον
518 846 713 898 γένηται·
775 848 843 889 καὶ
883 848 991 890 κατὰ
1027 847 1273 899 πνεύματος
1310 849 1357 889 δὲ
1400 848 1621 898 συλλογὴν
1653 849 1700 890 ἐν

284 919 540 971 πυκνώμασί
576 930 687 962 τισιν
725 919 1014 971 ὁμιχλοειδέσι
1053 920 1121 961 καὶ
1152 920 1396 971 ἐκπύρωσιν
1433 920 1591 962 τούτου
1631 921 1700 962 διὰ

285 993 363 1042 τὴν
394 992 652 1044 κατείλησιν,
700 991 772 1035 εἶτ’
804 993 1027 1044 ἐπέκρηξιν
1064 995 1151 1034 τῶν
1182 993 1485 1043 περιεχόντων,
1531 993 1599 1034 καὶ
1630 993 1700 1044 ἐφ’

286 1065 337 1107 ὃν
369 1065 422 1107 ἂν
452 1065 589 1107 τόπον
620 1065 646 1115 ἡ
679 1064 787 1116 ὁρμὴ
820 1066 995 1115 γένηται
1033 1067 1109 1115 τῆς
1141 1066 1298 1116 φορᾶς,
1344 1065 1406 1116 εἰς
1435 1068 1593 1107 τοῦτον
1624 1069 1700 1117 φέ-

286 1139 485 1189 ρομένου.
537 1138 605 1179 καὶ
637 1137 760 1179 ἄλλοι
792 1139 839 1179 δὲ
870 1137 1024 1190 τρόποι
1056 1137 1117 1188 εἰς
1147 1139 1197 1179 τὸ
1229 1140 1359 1180 τοῦτο
1396 1138 1570 1180 τελέσαι
1601 1137 1701 1181 ἀνύ-

286 1211 403 1262 σιμοί
434 1211 555 1252 εἰσιν.

397 1283 444 1325 Αἱ
476 1284 511 1326 δ’
545 1283 826 1335 ἐπισημασίαι
863 1282 905 1324 αἱ
942 1283 1165 1334 γινόμεναι
1197 1283 1264 1324 ἐπί
1302 1293 1387 1324 τισι
1425 1285 1553 1338 ζῲοις
1594 1283 1702 1325 κατὰ

285 1356 540 1408 συγκύρημα
571 1357 762 1406 γίνονται
793 1358 872 1398 τοῦ
904 1358 1069 1407 καιροῦ.
1109 1356 1160 1397 οὐ
1191 1356 1273 1407 γὰρ
1304 1356 1357 1397 τὰ
1389 1358 1478 1411 ζῷα
1509 1355 1702 1407 ἀνάγκην

284 1430 378 1471 τινὰ
408 1430 708 1481 προσφέρεται
739 1432 816 1471 τοῦ
849 1429 1194 1479 ἀποτελεσθῆναι
1217 1431 1417 1480 χειμῶνα,
1450 1429 1552 1471 οὐδὲ
1574 1429 1700 1480 κάθη-

284 1503 352 1544 ταί
382 1516 446 1553 τις
478 1503 571 1544 Θεία
607 1502 742 1553 φύσις
780 1503 1095 1552 παρατηροῦσα
1132 1502 1210 1552 τὰς
1250 1503 1338 1543 τῶν
1378 1503 1501 1556 ζῴων
1532 1502 1701 1543 τούτων

286 1575 467 1626 ἐξόδους
499 1574 677 1616 κᾶπειτα
708 1576 786 1625 τὰς
819 1575 1107 1625 ἐπισημασίας
1143 1575 1304 1625 ταύτας
1337 1576 1536 1616 ἐπιτελεῖ·
1597 1575 1700 1617 οὐδὲ

285 1648 366 1700 γὰρ
400 1647 460 1698 εἰς
490 1648 541 1689 τὸ
573 1649 704 1698 τυχὸν
746 1651 860 1702 ζῷον
892 1648 970 1690 κᾶν
1000 1646 1091 1702 <εἰ>
1123 1649 1271 1699 μικρὸν
1309 1648 1591 1699 χαριέστερον
1624 1647 1699 1699 εἴη,

285 1720 460 1770 τοιαύτη
500 1721 638 1772 μωρία
676 1721 869 1771 ἐμπέσοι,
916 1721 969 1771 μὴ
1007 1720 1071 1763 ὅτι
1104 1720 1164 1771 εἰς
1194 1723 1383 1771 παντελῆ
1424 1721 1700 1771 εὐδαιμονίαν

285 1794 558 1844 κεκτημένον.

434 1930 448 1961 1
480 1930 563 1971 περὶ
590 1928 761 1971 ἀστέρων
789 1929 1053 1963 ἐκπιπτόντων
1096 1935 1258 1961 ιινιιῐιιω.
1287 1930 1315 1960 F

408 1988 451 2021 13
479 1989 563 2030 περὶ
591 1987 776 2030 σημασίας
802 1988 912 2022 ζώων
940 1989 1055 2021 τινῶν
1094 1995 1259 2020 κνΒειιοΛ
1285 1988 1314 2018 F

409 2114 425 2147 1
455 2113 550 2148 κατὰ
577 2113 823 2158 παράτριψιν]
848 2115 908 2148 καὶ
934 2114 1036 2157 παρὰ
1063 2113 1190 2157 τρίψιν
1217 2114 1300 2147 libri
1342 2112 1359 2159 ΙΙ
1398 2115 1420 2147 2
1446 2115 1592 2159 νεφῶν]
1619 2116 1703 2149 ἑαυ·

285 2174 364 2206 τῶν
391 2172 475 2205 libri
498 2172 504 2214 Ι
535 2173 691 2207 δύναται
717 2174 830 2215 BP¹Q
859 2174 863 2215 Ι
892 2172 1025 2217 πυρὸς]
1053 2173 1155 2215 παρὰ
1181 2173 1266 2205 libri
1307 2173 1322 2216 ΙΙ
1367 2174 1386 2206 3
1412 2173 1450 2217 ἡ]
1479 2174 1501 2215 ἦ
1529 2174 1558 2205 F
1580 2175 1585 2214 Ι
1607 2173 1703 2215 γίνε-

285 2241 346 2265 ται
373 2232 422 2263 Ff
460 2232 475 2274 ΙΙ
517 2233 538 2265 4
566 2231 787 2276 ἀστραπῶν]
816 2232 989 2275 ἀστέρων
1015 2233 1058 2263 F¹
1083 2232 1089 2275 Ι
1121 2231 1299 2273 ἐλέγομεν
1326 2243 1359 2275 p.
1375 2233 1432 2270 45,
1450 2233 1470 2265 5
1510 2232 1525 2275 ΙΙ
1565 2234 1586 2266 5
1613 2241 1703 2273 συμ-

285 2289 421 2332 φυλίας
446 2290 580 2333 H2PQ:
609 2290 810 2333 συμφιλίας
837 2290 941 2322 wa
970 2289 1196 2335 σζυμΙφιλίας
1222 2292 1249 2322 Β
1293 2290 1308 2332 ΙΙ
1351 2290 1372 2323 6
1399 2290 1471 2333 καὶ]
1498 2292 1559 2325 καὶ
1584 2293 1702 2326 κατὰ

284 2348 370 2381 libri
392 2348 398 2392 Ι
421 2347 482 2393 οὑ]
503 2360 547 2381 an
570 2348 627 2383 oi?
651 2350 656 2390 Ι
679 2350 715 2384 ἐξ
742 2349 858 2393 ἀρχῆς
885 2357 968 2392 post
994 2349 1158 2383 σύνοδον
1185 2349 1351 2381 traiciunt
1376 2350 1424 2381 Fs
1454 2349 1469 2392 ΙΙ
1501 2350 1524 2384 8
1550 2352 1646 2385 τισὶν
1672 2352 1701 2384 f:

285 2407 359 2441 τισὶ
386 2408 426 2441 ἐν
452 2409 482 2439 Β
507 2409 605 2443 τισὶν
633 2409 672 2443 ἐν
702 2409 811 2441 ceteri
833 2411 838 2451 Ι
862 2407 937 2452 καὶ]
968 2408 1049 2442 κατ’
1078 2408 1160 2440 libri
1189 2408 1194 2449 Ι
1223 2407 1374 2442 τούτων
1401 2409 1485 2440 libri
1527 2408 1542 2451 ΙΙ
1585 2408 1607 2441 9
1632 2409 1701 2451 τὴν

286 2466 490 2500 κατάλυσιν
511 2467 527 2498 f
544 2468 550 2507 Ι
573 2468 638 2502 εἶτ’
659 2468 689 2499 F
691 2468 707 2499 f
714 2479 721 2501 :
750 2467 816 2502 εἴτ’
837 2468 937 2509 HPQ
964 2467 1038 2502 εἴτε
1057 2468 1086 2499 Β
1110 2466 1114 2509 Ι
1138 2466 1334 2509 ἐπέκρηξιν
1353 2468 1451 2500 FHP
1476 2467 1670 2511 ἐπεκρήξιν
1690 2469 1706 2500 s

286 2524 344 2558 ἐπ’
361 2525 532 2568 ἔκριέινΒ
548 2526 755 2569 ἑπέκρηψιν
765 2528 807 2569 Q.
823 2527 904 2560 fort.
917 2527 1063 2569 ἔκρηξιν
1086 2527 1091 2568 Ι
1114 2531 1194 2558 ante
1210 2526 1269 2560 καὶ
1284 2526 1464 2558 intercidit
1477 2526 1701 2570 participium

286 2584 392 2626 quale
419 2583 669 2627 ἐκπίπτοντος
716 2585 732 2629 ΙΙ
782 2586 826 2619 10
853 2584 908 2629 ὃν]
934 2585 990 2619 ὧν
1016 2586 1045 2617 F
1073 2586 1078 2627 Ι
1107 2585 1229 2628 φορὰς
1254 2585 1282 2616 F
1312 2586 1316 2625 Ι
1344 2584 1557 2627 φερομένης
1583 2585 1665 2617 libri
1691 2583 1701 2630 Ι

288 2644 327 2676 11
357 2642 409 2685 εἰς
434 2644 494 2690 τὸ]
523 2644 575 2686 εἰς
600 2646 712 2686 ΒΡὩ
735 2643 740 2688 Ι
763 2643 950 2686 ἀμύθητοί
975 2644 1060 2676 libri
1093 2643 1108 2686 ΙΙ
1147 2644 1188 2675 14
1213 2642 1355 2684 γίνεται
1382 2644 1411 2674 F
1433 2644 1438 2685 Ι
1463 2641 1524 2687 οὐ]
1552 2644 1611 2677 καὶ
1637 2644 1666 2674 F
1691 2641 1702 2687 Ιζ

287 2702 330 2735 15
357 2704 510 2745 χειμόνα
538 2705 566 2736 Β
599 2702 616 2749 ΙΙ
655 2704 696 2736 16
721 2705 979 2747 περιτηροῦσα
1007 2702 1058 2734 H²
1093 2702 1107 2746 ΙΙ
1153 2702 1195 2735 17
1221 2702 1289 2742 τὰς
1316 2700 1503 2744 σημασίας
1528 2702 1558 2733 F
1579 2701 1585 2744 Ι
1607 2701 1700 2735 ἀπο-

284 2762 383 2795 τελεῖ
409 2763 426 2794 s
466 2763 481 2805 ΙΙ
527 2763 570 2796 18
597 2763 666 2797 κᾶν
692 2761 738 2807 εἰ]
767 2762 837 2796 κᾶν
864 2762 948 2793 libri
971 2762 976 2804 Ι
1000 2761 1130 2804 μικρὸν
1158 2761 1204 2794 F:
1239 2763 1358 2803 μικρῶ
1385 2761 1493 2792 ceteri
1515 2760 1520 2801 Ι
1568 2759 1624 2802 εἴη
1651 2761 1699 2792 B:

285 2818 309 2861 ἦ
337 2820 359 2863 ἡ
386 2821 519 2864 ΡΡὮῖ
541 2821 564 2864 ἦ
590 2821 613 2864 ἣ
640 2823 676 2855 Η
709 2820 725 2865 ΙΙ
761 2821 804 2855 19
824 2819 997 2865 ἐμπέσοι]
1019 2820 1158 2863 ἐκπέση
1177 2820 1262 2852 libri
1296 2820 1311 2863 ΙΙ
1344 2819 1391 2853 20
1416 2818 1647 2862 κεκτημένου
1666 2819 1702 2850 H

1727 640 1793 673 115

1729 1081 1758 1104 to

1728 1446 1759 1471 15

1728 1585 1796 1619 116
