<?xml version="1.0" encoding="UTF-8"?>
<!DOCTYPE html PUBLIC "-//W3C//DTD XHTML 1.0 Transitional//EN"
    "http://www.w3.org/TR/xhtml1/DTD/xhtml1-transitional.dtd">
<html xmlns="http://www.w3.org/1999/xhtml" xml:lang="en" lang="en">
 <head>
  <title>
</title>
<meta http-equiv="Content-Type" content="text/html;charset=utf-8" />
  <meta name='ocr-system' content='tesseract 3.04.00' />
  <meta name='ocr-capabilities' content='ocr_page ocr_carea ocr_par ocr_line ocrx_word'/>
</head>
<body>
  <div class='ocr_page' id='page_1' title='image "./epicvreaedidithe00epicuoft/epicvreaedidithe00epicuoft_0011.png"; bbox 0 0 1846 3288; ppageno 0'>
   <div class='ocr_carea' id='block_1_1' title="bbox 674 191 1675 225">
    <p class='ocr_par' dir='ltr' id='par_1_1' title="bbox 674 191 1675 225">
     <span class='ocr_line' id='line_1_1' title="bbox 674 191 1675 225; baseline -0.002 -1"><span class='ocrx_word' id='word_1_1' title='bbox 674 193 742 224; x_wconf 87' lang='lat' dir='ltr'>DE</span> <span class='ocrx_word' id='word_1_2' title='bbox 767 191 1024 225; x_wconf 88' lang='lat' dir='ltr'>EXEMPLIS</span> <span class='ocrx_word' id='word_1_3' title='bbox 1049 191 1260 224; x_wconf 89' lang='lat' dir='ltr'>LAERTII</span> <span class='ocrx_word' id='word_1_4' title='bbox 1602 191 1675 223; x_wconf 88' lang='lat' dir='ltr'>VII</span> 
     </span>
    </p>
   </div>
   <div class='ocr_carea' id='block_1_2' title="bbox 248 308 1745 2048">
    <p class='ocr_par' dir='ltr' id='par_1_2' title="bbox 254 308 1677 683">
     <span class='ocr_line' id='line_1_2' title="bbox 256 308 1675 361; baseline -0.003 -13"><span class='ocrx_word' id='word_1_5' title='bbox 256 310 344 348; x_wconf 89' lang='lat' dir='ltr'>dito</span> <span class='ocrx_word' id='word_1_6' title='bbox 374 316 522 361; x_wconf 86' lang='lat' dir='ltr'>postea</span> <span class='ocrx_word' id='word_1_7' title='bbox 541 320 707 347; x_wconf 80' lang='lat' dir='ltr'>manum</span> <span class='ocrx_word' id='word_1_8' title='bbox 738 308 1020 347; x_wconf 81' lang='lat' dir='ltr'>correctricem</span> <span class='ocrx_word' id='word_1_9' title='bbox 1049 313 1239 357; x_wconf 84' lang='lat' dir='ltr'>expertus</span> <span class='ocrx_word' id='word_1_10' title='bbox 1271 314 1345 353; x_wconf 86' lang='lat' dir='ltr'>est,</span> <span class='ocrx_word' id='word_1_11' title='bbox 1377 321 1484 358; x_wconf 86' lang='lat' dir='ltr'>quae</span> <span class='ocrx_word' id='word_1_12' title='bbox 1517 312 1675 346; x_wconf 78' lang='lat' dir='ltr'>textum</span> 
     </span>
     <span class='ocr_line' id='line_1_3' title="bbox 254 375 1676 427; baseline -0.003 -12"><span class='ocrx_word' id='word_1_13' title='bbox 254 378 309 414; x_wconf 88' lang='lat' dir='ltr'>ad</span> <span class='ocrx_word' id='word_1_14' title='bbox 350 377 562 427; x_wconf 87' lang='lat' dir='ltr'>exemplar</span> <span class='ocrx_word' id='word_1_15' title='bbox 597 375 761 414; x_wconf 88' lang='lat' dir='ltr'>alterius</span> <span class='ocrx_word' id='word_1_16' title='bbox 798 376 962 425; x_wconf 87' lang='lat' dir='ltr'>generis</span> <span class='ocrx_word' id='word_1_17' title='bbox 1000 375 1218 425; x_wconf 88' lang='lat' dir='ltr'>refingeret</span> <span class='ocrx_word' id='word_1_18' title='bbox 1258 388 1341 413; x_wconf 84' lang='lat' dir='ltr'>non</span> <span class='ocrx_word' id='word_1_19' title='bbox 1380 376 1512 413; x_wconf 88' lang='lat' dir='ltr'>solum</span> <span class='ocrx_word' id='word_1_20' title='bbox 1556 375 1676 413; x_wconf 87' lang='lat' dir='ltr'>corri-</span> 
     </span>
     <span class='ocr_line' id='line_1_4' title="bbox 255 442 1677 494; baseline -0.003 -11"><span class='ocrx_word' id='word_1_21' title='bbox 255 445 397 494; x_wconf 86' lang='lat' dir='ltr'>gendo</span> <span class='ocrx_word' id='word_1_22' title='bbox 438 445 514 481; x_wconf 89' lang='lat' dir='ltr'>sed</span> <span class='ocrx_word' id='word_1_23' title='bbox 553 443 678 481; x_wconf 87' lang='lat' dir='ltr'>etiam</span> <span class='ocrx_word' id='word_1_24' title='bbox 708 443 908 489; x_wconf 63' lang='lat' dir='ltr'>radendo5</span> <span class='ocrx_word' id='word_1_25' title='bbox 951 449 996 480; x_wconf 90' lang='lat' dir='ltr'>ut</span> <span class='ocrx_word' id='word_1_26' title='bbox 1035 443 1133 492; x_wconf 89' lang='lat' dir='ltr'>quid</span> <span class='ocrx_word' id='word_1_27' title='bbox 1173 442 1303 491; x_wconf 86' lang='lat' dir='ltr'>prima</span> <span class='ocrx_word' id='word_1_28' title='bbox 1337 454 1480 479; x_wconf 88' lang='lat' dir='ltr'>manus</span> <span class='ocrx_word' id='word_1_29' title='bbox 1514 442 1677 479; x_wconf 79' lang='lat' dir='ltr'><strong>dederit</strong></span> 
     </span>
     <span class='ocr_line' id='line_1_5' title="bbox 254 506 1673 560; baseline 0 -11"><span class='ocrx_word' id='word_1_30' title='bbox 254 524 364 549; x_wconf 91' lang='lat' dir='ltr'>nunc</span> <span class='ocrx_word' id='word_1_31' title='bbox 385 522 683 560; x_wconf 85' lang='lat' dir='ltr'>saepenumero</span> <span class='ocrx_word' id='word_1_32' title='bbox 706 516 778 547; x_wconf 82' lang='lat' dir='ltr'>aut</span> <span class='ocrx_word' id='word_1_33' title='bbox 799 510 920 559; x_wconf 85' lang='lat' dir='ltr'>plane</span> <span class='ocrx_word' id='word_1_34' title='bbox 942 509 1142 547; x_wconf 85' lang='lat' dir='ltr'>incertum</span> <span class='ocrx_word' id='word_1_35' title='bbox 1173 506 1224 547; x_wconf 89' lang='lat' dir='ltr'>sit</span> <span class='ocrx_word' id='word_1_36' title='bbox 1245 515 1315 546; x_wconf 87' lang='lat' dir='ltr'>aut</span> <span class='ocrx_word' id='word_1_37' title='bbox 1345 510 1469 547; x_wconf 84' lang='lat' dir='ltr'>ualde</span> <span class='ocrx_word' id='word_1_38' title='bbox 1492 510 1673 549; x_wconf 87' lang='lat' dir='ltr'>dubium.</span> 
     </span>
     <span class='ocr_line' id='line_1_6' title="bbox 256 576 1675 628; baseline -0.001 -12"><span class='ocrx_word' id='word_1_39' title='bbox 256 590 336 628; x_wconf 86' lang='lat' dir='ltr'>qua</span> <span class='ocrx_word' id='word_1_40' title='bbox 366 590 409 615; x_wconf 91' lang='lat' dir='ltr'>re</span> <span class='ocrx_word' id='word_1_41' title='bbox 431 583 738 628; x_wconf 86' lang='lat' dir='ltr'>peropportune</span> <span class='ocrx_word' id='word_1_42' title='bbox 770 577 920 615; x_wconf 85' lang='lat' dir='ltr'>accidit</span> <span class='ocrx_word' id='word_1_43' title='bbox 943 578 1058 627; x_wconf 91' lang='lat' dir='ltr'>quod</span> <span class='ocrx_word' id='word_1_44' title='bbox 1087 577 1126 614; x_wconf 89' lang='lat' dir='ltr'>in</span> <span class='ocrx_word' id='word_1_45' title='bbox 1154 577 1302 615; x_wconf 86' lang='lat' dir='ltr'>eadem</span> <span class='ocrx_word' id='word_1_46' title='bbox 1323 576 1586 625; x_wconf 84' lang='lat' dir='ltr'>bybliotheca</span> <span class='ocrx_word' id='word_1_47' title='bbox 1617 577 1675 614; x_wconf 83' lang='lat' dir='ltr'>al-</span> 
     </span>
     <span class='ocr_line' id='line_1_7' title="bbox 256 645 759 683; baseline -0.006 0"><span class='ocrx_word' id='word_1_48' title='bbox 256 651 319 683; x_wconf 88' lang='lat' dir='ltr'>ter</span> <span class='ocrx_word' id='word_1_49' title='bbox 349 646 486 683; x_wconf 79' lang='lat' dir='ltr'>codex</span> <span class='ocrx_word' id='word_1_50' title='bbox 516 645 759 682; x_wconf 81' lang='lat' dir='ltr'>adseruatur</span> 
     </span>
    </p>

    <p class='ocr_par' dir='ltr' id='par_1_3' title="bbox 248 710 1745 2048">
     <span class='ocr_line' id='line_1_8' title="bbox 369 710 1730 761; baseline -0.002 -11"><span class='ocrx_word' id='word_1_51' title='bbox 369 711 673 750; x_wconf 88' lang='lat' dir='ltr'>Parisiensis</span> <span class='ocrx_word' id='word_1_52' title='bbox 719 722 775 759; x_wconf 91' lang='lat' dir='ltr'>gr.</span> <span class='ocrx_word' id='word_1_53' title='bbox 825 712 947 761; x_wconf 84' lang='lat'>1758,</span> <span class='ocrx_word' id='word_1_54' title='bbox 996 712 1093 749; x_wconf 89' lang='lat' dir='ltr'>olim</span> <span class='ocrx_word' id='word_1_55' title='bbox 1139 710 1519 748; x_wconf 82' lang='lat' dir='ltr'>Fonteblandensis</span> <span class='ocrx_word' id='word_1_56' title='bbox 1569 710 1675 761; x_wconf 85' lang='lat' dir='ltr'>regis</span> <span class='ocrx_word' id='word_1_57' title='bbox 1697 717 1730 758; x_wconf 76' lang='lat' dir='ltr'>Q</span> 
     </span>
     <span class='ocr_line' id='line_1_9' title="bbox 255 778 1675 828; baseline -0.002 -10"><span class='ocrx_word' id='word_1_58' title='bbox 255 779 463 818; x_wconf 84' lang='lat' dir='ltr'>Francisci</span> <span class='ocrx_word' id='word_1_59' title='bbox 483 787 501 818; x_wconf 91' lang='grc' dir='ltr'>Ι</span> <span class='ocrx_word' id='word_1_60' title='bbox 532 791 579 816; x_wconf 92' lang='lat' dir='ltr'>ac</span> <span class='ocrx_word' id='word_1_61' title='bbox 609 778 788 816; x_wconf 88' lang='lat' dir='ltr'>numeris</span> <span class='ocrx_word' id='word_1_62' title='bbox 821 779 1022 828; x_wconf 81' lang='lat' dir='ltr'>deinceps</span> <span class='ocrx_word' id='word_1_63' title='bbox 1054 780 1146 818; x_wconf 87' lang='lat'>920.</span> <span class='ocrx_word' id='word_1_64' title='bbox 1180 779 1302 818; x_wconf 85' lang='lat'>1008.</span> <span class='ocrx_word' id='word_1_65' title='bbox 1346 779 1453 816; x_wconf 86' lang='lat'>3131</span> <span class='ocrx_word' id='word_1_66' title='bbox 1495 783 1675 827; x_wconf 82' lang='lat' dir='ltr'>notatus,</span> 
     </span>
     <span class='ocr_line' id='line_1_10' title="bbox 255 841 1676 897; baseline -0.004 -11"><span class='ocrx_word' id='word_1_67' title='bbox 255 847 496 886; x_wconf 82' lang='lat' dir='ltr'>chartaceus</span> <span class='ocrx_word' id='word_1_68' title='bbox 521 841 611 897; x_wconf 82' lang='lat' dir='ltr'><strong>(Q),</strong></span> <span class='ocrx_word' id='word_1_69' title='bbox 644 857 767 895; x_wconf 88' lang='lat' dir='ltr'>quem</span> <span class='ocrx_word' id='word_1_70' title='bbox 796 857 846 882; x_wconf 85' lang='lat' dir='ltr'>ex</span> <span class='ocrx_word' id='word_1_71' title='bbox 868 846 935 883; x_wconf 91' lang='lat' dir='ltr'>illo</span> <span class='ocrx_word' id='word_1_72' title='bbox 958 847 1103 884; x_wconf 88' lang='lat' dir='ltr'>codice</span> <span class='ocrx_word' id='word_1_73' title='bbox 1132 846 1172 891; x_wconf 75' lang='lat' dir='ltr'>P,</span> <span class='ocrx_word' id='word_1_74' title='bbox 1205 852 1427 896; x_wconf 84' lang='lat' dir='ltr'>antequam</span> <span class='ocrx_word' id='word_1_75' title='bbox 1458 859 1483 884; x_wconf 91' lang='lat' dir='ltr'>a</span> <span class='ocrx_word' id='word_1_76' title='bbox 1514 857 1676 883; x_wconf 89' lang='lat' dir='ltr'>correc-</span> 
     </span>
     <span class='ocr_line' id='line_1_11' title="bbox 259 910 1676 963; baseline -0.001 -11"><span class='ocrx_word' id='word_1_77' title='bbox 259 920 346 952; x_wconf 87' lang='lat' dir='ltr'>tore</span> <span class='ocrx_word' id='word_1_78' title='bbox 377 919 624 951; x_wconf 79' lang='lat' dir='ltr'>retractatus</span> <span class='ocrx_word' id='word_1_79' title='bbox 650 919 762 950; x_wconf 86' lang='lat' dir='ltr'>esset</span> <span class='ocrx_word' id='word_1_80' title='bbox 778 910 806 963; x_wconf 80' lang='lat'>¹,</span> <span class='ocrx_word' id='word_1_81' title='bbox 837 913 1092 963; x_wconf 87' lang='lat' dir='ltr'>descriptum</span> <span class='ocrx_word' id='word_1_82' title='bbox 1113 925 1207 952; x_wconf 88' lang='lat' dir='ltr'>esse</span> <span class='ocrx_word' id='word_1_83' title='bbox 1229 913 1442 951; x_wconf 88' lang='lat' dir='ltr'>Bonnetus</span> <span class='ocrx_word' id='word_1_84' title='bbox 1465 913 1676 951; x_wconf 86' lang='lat' dir='ltr'>uerissime</span> 
     </span>
     <span class='ocr_line' id='line_1_12' title="bbox 256 977 1674 1033; baseline 0.002 -15"><span class='ocrx_word' id='word_1_85' title='bbox 256 981 475 1031; x_wconf 84' lang='lat' dir='ltr'>perspexit.</span> <span class='ocrx_word' id='word_1_86' title='bbox 508 981 541 1018; x_wconf 92' lang='lat' dir='ltr'>is</span> <span class='ocrx_word' id='word_1_87' title='bbox 558 991 724 1031; x_wconf 90' lang='lat' dir='ltr'>quoque</span> <span class='ocrx_word' id='word_1_88' title='bbox 742 981 908 1018; x_wconf 90' lang='lat' dir='ltr'>saeculo</span> <span class='ocrx_word' id='word_1_89' title='bbox 925 987 1012 1021; x_wconf 86' lang='lat' dir='ltr'>XIV</span> <span class='ocrx_word' id='word_1_90' title='bbox 1029 982 1283 1031; x_wconf 83' lang='lat' dir='ltr'>adscribitur,</span> <span class='ocrx_word' id='word_1_91' title='bbox 1302 993 1327 1018; x_wconf 89' lang='lat' dir='ltr'>a</span> <span class='ocrx_word' id='word_1_92' title='bbox 1344 981 1535 1020; x_wconf 88' lang='lat' dir='ltr'>Bonneto</span> <span class='ocrx_word' id='word_1_93' title='bbox 1555 977 1674 1033; x_wconf 88' lang='lat' dir='ltr'>(mus.</span> 
     </span>
     <span class='ocr_line' id='line_1_13' title="bbox 258 1042 1675 1097; baseline 0.001 -12"><span class='ocrx_word' id='word_1_94' title='bbox 258 1047 390 1087; x_wconf 88' lang='lat' dir='ltr'>Rhen.</span> <span class='ocrx_word' id='word_1_95' title='bbox 409 1053 563 1087; x_wconf 82' lang='lat' dir='ltr'><strong>XXXIV</strong></span> <span class='ocrx_word' id='word_1_96' title='bbox 583 1060 623 1097; x_wconf 85' lang='lat' dir='ltr'>p.</span> <span class='ocrx_word' id='word_1_97' title='bbox 643 1042 744 1097; x_wconf 84' lang='lat'>487)</span> <span class='ocrx_word' id='word_1_98' title='bbox 767 1048 930 1085; x_wconf 86' lang='lat' dir='ltr'>saeculo</span> <span class='ocrx_word' id='word_1_99' title='bbox 952 1054 1017 1087; x_wconf 82' lang='lat' dir='ltr'>XV</span> <span class='ocrx_word' id='word_1_100' title='bbox 1039 1049 1220 1093; x_wconf 82' lang='lat' dir='ltr'>exeunti,</span> <span class='ocrx_word' id='word_1_101' title='bbox 1243 1048 1392 1086; x_wconf 79' lang='lat' dir='ltr'>rectius</span> <span class='ocrx_word' id='word_1_102' title='bbox 1411 1049 1568 1087; x_wconf 87' lang='lat' dir='ltr'>ineunti</span> <span class='ocrx_word' id='word_1_103' title='bbox 1589 1050 1675 1087; x_wconf 90' lang='lat' dir='ltr'>uin-</span> 
     </span>
     <span class='ocr_line' id='line_1_14' title="bbox 257 1114 1673 1166; baseline 0 -12"><span class='ocrx_word' id='word_1_104' title='bbox 257 1115 474 1154; x_wconf 84' lang='lat' dir='ltr'>dicabitur.</span> <span class='ocrx_word' id='word_1_105' title='bbox 511 1114 579 1164; x_wconf 91' lang='lat' dir='ltr'>qui</span> <span class='ocrx_word' id='word_1_106' title='bbox 602 1127 692 1152; x_wconf 90' lang='lat' dir='ltr'>cum</span> <span class='ocrx_word' id='word_1_107' title='bbox 711 1126 848 1165; x_wconf 77' lang='lat' dir='ltr'>neque</span> <span class='ocrx_word' id='word_1_108' title='bbox 871 1115 928 1152; x_wconf 82' lang='lat' dir='ltr'>ita</span> <span class='ocrx_word' id='word_1_109' title='bbox 956 1122 1162 1153; x_wconf 89' lang='lat' dir='ltr'>correctus</span> <span class='ocrx_word' id='word_1_110' title='bbox 1194 1116 1245 1153; x_wconf 88' lang='lat' dir='ltr'>sit</span> <span class='ocrx_word' id='word_1_111' title='bbox 1276 1122 1321 1153; x_wconf 89' lang='lat' dir='ltr'>ut</span> <span class='ocrx_word' id='word_1_112' title='bbox 1350 1115 1519 1166; x_wconf 85' lang='lat' dir='ltr'>pristina</span> <span class='ocrx_word' id='word_1_113' title='bbox 1549 1116 1673 1154; x_wconf 89' lang='lat' dir='ltr'>lectio</span> 
     </span>
     <span class='ocr_line' id='line_1_15' title="bbox 255 1183 1674 1233; baseline 0.001 -12"><span class='ocrx_word' id='word_1_114' title='bbox 255 1183 400 1233; x_wconf 89' lang='lat' dir='ltr'>dispici</span> <span class='ocrx_word' id='word_1_115' title='bbox 429 1188 613 1232; x_wconf 88' lang='lat' dir='ltr'>nequeat</span> <span class='ocrx_word' id='word_1_116' title='bbox 642 1189 685 1220; x_wconf 91' lang='lat' dir='ltr'>et</span> <span class='ocrx_word' id='word_1_117' title='bbox 715 1189 879 1232; x_wconf 84' lang='lat' dir='ltr'>praeter</span> <span class='ocrx_word' id='word_1_118' title='bbox 915 1184 1152 1232; x_wconf 80' lang='lat' dir='ltr'>conpendia</span> <span class='ocrx_word' id='word_1_119' title='bbox 1183 1184 1388 1222; x_wconf 87' lang='lat' dir='ltr'>scribendi</span> <span class='ocrx_word' id='word_1_120' title='bbox 1419 1185 1527 1221; x_wconf 85' lang='lat' dir='ltr'>male</span> <span class='ocrx_word' id='word_1_121' title='bbox 1556 1184 1674 1222; x_wconf 88' lang='lat' dir='ltr'>intel-</span> 
     </span>
     <span class='ocr_line' id='line_1_16' title="bbox 256 1249 1673 1301; baseline 0.001 -13"><span class='ocrx_word' id='word_1_122' title='bbox 256 1252 364 1289; x_wconf 84' lang='lat' dir='ltr'>lecta</span> <span class='ocrx_word' id='word_1_123' title='bbox 396 1250 547 1288; x_wconf 85' lang='lat' dir='ltr'>codicis</span> <span class='ocrx_word' id='word_1_124' title='bbox 572 1249 602 1287; x_wconf 93' lang='lat' dir='ltr'>P</span> <span class='ocrx_word' id='word_1_125' title='bbox 634 1251 854 1288; x_wconf 86' lang='lat' dir='ltr'>lectionem</span> <span class='ocrx_word' id='word_1_126' title='bbox 887 1251 1119 1300; x_wconf 87' lang='lat' dir='ltr'>primariam</span> <span class='ocrx_word' id='word_1_127' title='bbox 1151 1252 1318 1301; x_wconf 83' lang='lat' dir='ltr'>egregia</span> <span class='ocrx_word' id='word_1_128' title='bbox 1349 1263 1443 1289; x_wconf 91' lang='lat' dir='ltr'>cum</span> <span class='ocrx_word' id='word_1_129' title='bbox 1471 1251 1553 1289; x_wconf 87' lang='lat' dir='ltr'>fide</span> <span class='ocrx_word' id='word_1_130' title='bbox 1585 1252 1673 1289; x_wconf 83' lang='lat' dir='ltr'>siue</span> 
     </span>
     <span class='ocr_line' id='line_1_17' title="bbox 257 1317 1675 1369; baseline 0.001 -13"><span class='ocrx_word' id='word_1_131' title='bbox 257 1324 468 1369; x_wconf 88' lang='lat' dir='ltr'>stuporem</span> <span class='ocrx_word' id='word_1_132' title='bbox 499 1317 628 1355; x_wconf 87' lang='lat' dir='ltr'>mauis</span> <span class='ocrx_word' id='word_1_133' title='bbox 661 1317 799 1355; x_wconf 85' lang='lat' dir='ltr'>dicere</span> <span class='ocrx_word' id='word_1_134' title='bbox 829 1319 992 1367; x_wconf 82' lang='lat' dir='ltr'>reddat,</span> <span class='ocrx_word' id='word_1_135' title='bbox 1032 1318 1111 1356; x_wconf 93' lang='lat' dir='ltr'>hoc</span> <span class='ocrx_word' id='word_1_136' title='bbox 1141 1318 1222 1356; x_wconf 87' lang='lat' dir='ltr'>iam</span> <span class='ocrx_word' id='word_1_137' title='bbox 1255 1319 1440 1357; x_wconf 88' lang='lat' dir='ltr'>subsidio</span> <span class='ocrx_word' id='word_1_138' title='bbox 1472 1319 1568 1357; x_wconf 87' lang='lat' dir='ltr'>licet</span> <span class='ocrx_word' id='word_1_139' title='bbox 1599 1321 1675 1358; x_wconf 88' lang='lat' dir='ltr'>du-</span> 
     </span>
     <span class='ocr_line' id='line_1_18' title="bbox 253 1386 1674 1438; baseline 0.001 -13"><span class='ocrx_word' id='word_1_140' title='bbox 253 1387 402 1438; x_wconf 88' lang='lat' dir='ltr'>plicem</span> <span class='ocrx_word' id='word_1_141' title='bbox 435 1400 486 1424; x_wconf 88' lang='lat' dir='ltr'>ex</span> <span class='ocrx_word' id='word_1_142' title='bbox 516 1386 661 1425; x_wconf 87' lang='lat' dir='ltr'>codice</span> <span class='ocrx_word' id='word_1_143' title='bbox 685 1386 714 1424; x_wconf 91' lang='lat' dir='ltr'>P</span> <span class='ocrx_word' id='word_1_144' title='bbox 737 1386 912 1424; x_wconf 84' lang='lat' dir='ltr'>fructum</span> <span class='ocrx_word' id='word_1_145' title='bbox 944 1399 1105 1437; x_wconf 66' lang='lat' dir='ltr'>capere,</span> <span class='ocrx_word' id='word_1_146' title='bbox 1139 1393 1184 1425; x_wconf 91' lang='lat' dir='ltr'>ut</span> <span class='ocrx_word' id='word_1_147' title='bbox 1213 1388 1331 1426; x_wconf 86' lang='lat' dir='ltr'>simul</span> <span class='ocrx_word' id='word_1_148' title='bbox 1362 1389 1537 1427; x_wconf 82' lang='lat' dir='ltr'>alterum</span> <span class='ocrx_word' id='word_1_149' title='bbox 1558 1401 1674 1438; x_wconf 84' lang='lat' dir='ltr'>prae-</span> 
     </span>
     <span class='ocr_line' id='line_1_19' title="bbox 254 1449 1745 1507; baseline 0.001 -14"><span class='ocrx_word' id='word_1_150' title='bbox 254 1455 461 1493; x_wconf 86' lang='lat' dir='ltr'>stantioris</span> <span class='ocrx_word' id='word_1_151' title='bbox 499 1455 662 1504; x_wconf 84' lang='lat' dir='ltr'>generiS</span> <span class='ocrx_word' id='word_1_152' title='bbox 694 1455 925 1505; x_wconf 80' lang='lat' dir='ltr'>exemplum</span> <span class='ocrx_word' id='word_1_153' title='bbox 963 1449 1048 1507; x_wconf 70' lang='grc' dir='ltr'>(ΡΙ)</span> <span class='ocrx_word' id='word_1_154' title='bbox 1081 1467 1130 1492; x_wconf 82' lang='lat' dir='ltr'>ex</span> <span class='ocrx_word' id='word_1_155' title='bbox 1162 1455 1340 1494; x_wconf 88' lang='lat' dir='ltr'>lectione</span> <span class='ocrx_word' id='word_1_156' title='bbox 1372 1469 1455 1494; x_wconf 90' lang='lat' dir='ltr'>non</span> <span class='ocrx_word' id='word_1_157' title='bbox 1489 1462 1677 1494; x_wconf 75' lang='lat' dir='ltr'>correcta</span> <span class='ocrx_word' id='word_1_158' title='bbox 1698 1458 1745 1493; x_wconf 85' lang='lat' dir='ltr'>Pl</span> 
     </span>
     <span class='ocr_line' id='line_1_20' title="bbox 251 1521 1676 1574; baseline 0.001 -14"><span class='ocrx_word' id='word_1_159' title='bbox 251 1529 294 1560; x_wconf 87' lang='lat' dir='ltr'>et</span> <span class='ocrx_word' id='word_1_160' title='bbox 333 1522 479 1560; x_wconf 90' lang='lat' dir='ltr'>codice</span> <span class='ocrx_word' id='word_1_161' title='bbox 512 1521 551 1570; x_wconf 85' lang='lat' dir='ltr'><strong>Q</strong></span> <span class='ocrx_word' id='word_1_162' title='bbox 582 1521 755 1560; x_wconf 87' lang='lat' dir='ltr'>fidenter</span> <span class='ocrx_word' id='word_1_163' title='bbox 795 1522 1046 1560; x_wconf 86' lang='lat' dir='ltr'>instauretur</span> <span class='ocrx_word' id='word_1_164' title='bbox 1077 1529 1118 1560; x_wconf 88' lang='lat' dir='ltr'>et</span> <span class='ocrx_word' id='word_1_165' title='bbox 1145 1523 1310 1561; x_wconf 86' lang='lat' dir='ltr'>alterius</span> <span class='ocrx_word' id='word_1_166' title='bbox 1342 1524 1506 1574; x_wconf 84' lang='lat' dir='ltr'>generis</span> <span class='ocrx_word' id='word_1_167' title='bbox 1538 1536 1676 1561; x_wconf 76' lang='lat' dir='ltr'>excin-</span> 
     </span>
     <span class='ocr_line' id='line_1_21' title="bbox 251 1586 1744 1642; baseline 0.001 -15"><span class='ocrx_word' id='word_1_168' title='bbox 251 1591 365 1640; x_wconf 90' lang='lat' dir='ltr'>plum</span> <span class='ocrx_word' id='word_1_169' title='bbox 397 1603 479 1627; x_wconf 89' lang='lat' dir='ltr'>non</span> <span class='ocrx_word' id='word_1_170' title='bbox 512 1591 794 1640; x_wconf 86' lang='lat' dir='ltr'>spernendum</span> <span class='ocrx_word' id='word_1_171' title='bbox 827 1586 912 1642; x_wconf 53' lang='grc' dir='ltr'>(ΡΞ)</span> <span class='ocrx_word' id='word_1_172' title='bbox 945 1603 995 1628; x_wconf 86' lang='lat' dir='ltr'>ex</span> <span class='ocrx_word' id='word_1_173' title='bbox 1027 1592 1204 1629; x_wconf 88' lang='lat' dir='ltr'>lectione</span> <span class='ocrx_word' id='word_1_174' title='bbox 1237 1597 1421 1630; x_wconf 89' lang='lat' dir='ltr'>correcta</span> <span class='ocrx_word' id='word_1_175' title='bbox 1453 1597 1673 1641; x_wconf 66' lang='lat' dir='ltr'>repe-tatur.</span> <span class='ocrx_word' id='word_1_176' title='bbox 1698 1593 1744 1629; x_wconf 74' lang='grc' dir='ltr'>Ρ2</span> 
     </span>
     <span class='ocr_line' id='line_1_22' title="bbox 254 1657 1672 1709; baseline 0.001 -14"><span class='ocrx_word' id='word_1_177' title='bbox 254 1659 328 1695; x_wconf 91' lang='lat' dir='ltr'>sed</span> <span class='ocrx_word' id='word_1_178' title='bbox 360 1658 495 1695; x_wconf 73' lang='lat' dir='ltr'>codex</span> <span class='ocrx_word' id='word_1_179' title='bbox 526 1657 557 1695; x_wconf 90' lang='lat' dir='ltr'><strong>P</strong></span> <span class='ocrx_word' id='word_1_180' title='bbox 588 1670 682 1695; x_wconf 89' lang='lat' dir='ltr'>cum</span> <span class='ocrx_word' id='word_1_181' title='bbox 712 1663 795 1696; x_wconf 85' lang='lat' dir='ltr'>tam</span> <span class='ocrx_word' id='word_1_182' title='bbox 825 1658 931 1696; x_wconf 82' lang='lat' dir='ltr'>male</span> <span class='ocrx_word' id='word_1_183' title='bbox 965 1658 1129 1696; x_wconf 86' lang='lat' dir='ltr'>habitus</span> <span class='ocrx_word' id='word_1_184' title='bbox 1160 1659 1224 1709; x_wconf 82' lang='lat' dir='ltr'>sit,</span> <span class='ocrx_word' id='word_1_185' title='bbox 1259 1658 1378 1697; x_wconf 89' lang='lat' dir='ltr'>facile</span> <span class='ocrx_word' id='word_1_186' title='bbox 1408 1659 1672 1709; x_wconf 82' lang='lat' dir='ltr'>intellegitur,</span> 
     </span>
     <span class='ocr_line' id='line_1_23' title="bbox 248 1725 1675 1776; baseline 0.002 -14"><span class='ocrx_word' id='word_1_187' title='bbox 248 1737 372 1775; x_wconf 87' lang='lat' dir='ltr'>quam</span> <span class='ocrx_word' id='word_1_188' title='bbox 410 1725 462 1762; x_wconf 88' lang='lat' dir='ltr'>sit</span> <span class='ocrx_word' id='word_1_189' title='bbox 500 1725 664 1763; x_wconf 90' lang='lat' dir='ltr'>difficile</span> <span class='ocrx_word' id='word_1_190' title='bbox 702 1725 788 1763; x_wconf 88' lang='lat' dir='ltr'>eius</span> <span class='ocrx_word' id='word_1_191' title='bbox 827 1725 1108 1763; x_wconf 87' lang='lat' dir='ltr'>testimonium</span> <span class='ocrx_word' id='word_1_192' title='bbox 1140 1738 1233 1764; x_wconf 85' lang='lat' dir='ltr'>cum</span> <span class='ocrx_word' id='word_1_193' title='bbox 1264 1726 1491 1776; x_wconf 86' lang='lat' dir='ltr'>puluisculo</span> <span class='ocrx_word' id='word_1_194' title='bbox 1525 1728 1675 1766; x_wconf 76' lang='lat' dir='ltr'>exhau-</span> 
     </span>
     <span class='ocr_line' id='line_1_24' title="bbox 248 1793 1673 1845; baseline 0.001 -14"><span class='ocrx_word' id='word_1_195' title='bbox 248 1793 344 1838; x_wconf 89' lang='lat' dir='ltr'>rire;</span> <span class='ocrx_word' id='word_1_196' title='bbox 370 1793 483 1842; x_wconf 90' lang='lat' dir='ltr'>quod</span> <span class='ocrx_word' id='word_1_197' title='bbox 503 1793 588 1830; x_wconf 83' lang='lat' dir='ltr'>fieri</span> <span class='ocrx_word' id='word_1_198' title='bbox 610 1793 753 1844; x_wconf 85' lang='lat' dir='ltr'>nequit</span> <span class='ocrx_word' id='word_1_199' title='bbox 775 1793 852 1831; x_wconf 88' lang='lat' dir='ltr'>nisi</span> <span class='ocrx_word' id='word_1_200' title='bbox 877 1799 1110 1831; x_wconf 88' lang='lat' dir='ltr'>ceterorum</span> <span class='ocrx_word' id='word_1_201' title='bbox 1131 1794 1323 1832; x_wconf 85' lang='lat' dir='ltr'>librorum</span> <span class='ocrx_word' id='word_1_202' title='bbox 1345 1795 1523 1833; x_wconf 85' lang='lat' dir='ltr'>lectione</span> <span class='ocrx_word' id='word_1_203' title='bbox 1544 1796 1673 1845; x_wconf 88' lang='lat' dir='ltr'>probe</span> 
     </span>
     <span class='ocr_line' id='line_1_25' title="bbox 248 1859 1674 1913; baseline 0.001 -15"><span class='ocrx_word' id='word_1_204' title='bbox 248 1859 415 1909; x_wconf 83' lang='lat' dir='ltr'>cognita</span> <span class='ocrx_word' id='word_1_205' title='bbox 453 1866 494 1897; x_wconf 87' lang='lat' dir='ltr'>et</span> <span class='ocrx_word' id='word_1_206' title='bbox 533 1859 727 1900; x_wconf 87' lang='lat' dir='ltr'>adhibita.</span> <span class='ocrx_word' id='word_1_207' title='bbox 788 1866 982 1910; x_wconf 89' lang='lat' dir='ltr'>quattuor</span> <span class='ocrx_word' id='word_1_208' title='bbox 1019 1861 1060 1898; x_wconf 90' lang='lat' dir='ltr'>in</span> <span class='ocrx_word' id='word_1_209' title='bbox 1099 1874 1150 1899; x_wconf 92' lang='lat' dir='ltr'>eo</span> <span class='ocrx_word' id='word_1_210' title='bbox 1190 1873 1348 1911; x_wconf 86' lang='lat' dir='ltr'>manus,</span> <span class='ocrx_word' id='word_1_211' title='bbox 1388 1862 1456 1912; x_wconf 88' lang='lat' dir='ltr'>qui</span> <span class='ocrx_word' id='word_1_212' title='bbox 1489 1862 1674 1913; x_wconf 85' lang='lat' dir='ltr'>sillogra-</span> 
     </span>
     <span class='ocr_line' id='line_1_26' title="bbox 250 1927 1674 1979; baseline 0.003 -15"><span class='ocrx_word' id='word_1_213' title='bbox 250 1927 424 1978; x_wconf 87' lang='lat' dir='ltr'>phorum</span> <span class='ocrx_word' id='word_1_214' title='bbox 454 1928 497 1965; x_wconf 89' lang='lat' dir='ltr'>in</span> <span class='ocrx_word' id='word_1_215' title='bbox 527 1940 580 1966; x_wconf 91' lang='lat' dir='ltr'>eo</span> <span class='ocrx_word' id='word_1_216' title='bbox 612 1928 802 1977; x_wconf 84' lang='lat' dir='ltr'>reliquias</span> <span class='ocrx_word' id='word_1_217' title='bbox 830 1928 1128 1967; x_wconf 87' lang='lat' dir='ltr'>Wachsmuthii</span> <span class='ocrx_word' id='word_1_218' title='bbox 1170 1929 1303 1979; x_wconf 86' lang='lat' dir='ltr'>gratia</span> <span class='ocrx_word' id='word_1_219' title='bbox 1335 1930 1527 1975; x_wconf 86' lang='lat' dir='ltr'>excussit,</span> <span class='ocrx_word' id='word_1_220' title='bbox 1561 1931 1674 1968; x_wconf 88' lang='lat' dir='ltr'>Gun-</span> 
     </span>
     <span class='ocr_line' id='line_1_27' title="bbox 249 1995 1675 2048; baseline 0.004 -16"><span class='ocrx_word' id='word_1_221' title='bbox 249 1995 501 2034; x_wconf 87' lang='lat' dir='ltr'>dermannus</span> <span class='ocrx_word' id='word_1_222' title='bbox 521 1996 722 2045; x_wconf 84' lang='lat' dir='ltr'>distinxit,</span> <span class='ocrx_word' id='word_1_223' title='bbox 745 1997 869 2035; x_wconf 85' lang='lat' dir='ltr'>etiam</span> <span class='ocrx_word' id='word_1_224' title='bbox 893 1996 1030 2047; x_wconf 90' lang='lat' dir='ltr'>plures</span> <span class='ocrx_word' id='word_1_225' title='bbox 1062 1997 1131 2047; x_wconf 90' lang='lat' dir='ltr'>qui</span> <span class='ocrx_word' id='word_1_226' title='bbox 1159 2009 1289 2048; x_wconf 82' lang='lat' dir='ltr'>nuper</span> <span class='ocrx_word' id='word_1_227' title='bbox 1320 2002 1453 2036; x_wconf 86' lang='lat' dir='ltr'>totum</span> <span class='ocrx_word' id='word_1_228' title='bbox 1485 1999 1675 2037; x_wconf 86' lang='lat' dir='ltr'>codicem</span> 
     </span>
    </p>
   </div>
   <div class='ocr_carea' id='block_1_3' title="bbox 245 2100 1675 2796">
    <p class='ocr_par' dir='ltr' id='par_1_4' title="bbox 245 2100 1675 2796">
     <span class='ocr_line' id='line_1_28' title="bbox 372 2100 1675 2145; baseline 0.003 -12"><span class='ocrx_word' id='word_1_229' title='bbox 372 2100 388 2134; x_wconf 86' lang='lat'>1</span> <span class='ocrx_word' id='word_1_230' title='bbox 424 2100 495 2133; x_wconf 87' lang='lat' dir='ltr'>iam</span> <span class='ocrx_word' id='word_1_231' title='bbox 519 2106 602 2134; x_wconf 87' lang='lat' dir='ltr'>tunc</span> <span class='ocrx_word' id='word_1_232' title='bbox 633 2112 712 2135; x_wconf 88' lang='lat' dir='ltr'>cum</span> <span class='ocrx_word' id='word_1_233' title='bbox 740 2103 771 2145; x_wconf 82' lang='lat' dir='ltr'><strong>Q</strong></span> <span class='ocrx_word' id='word_1_234' title='bbox 799 2102 1071 2141; x_wconf 87' lang='lat' dir='ltr'>describeretur,</span> <span class='ocrx_word' id='word_1_235' title='bbox 1103 2104 1133 2135; x_wconf 91' lang='lat' dir='ltr'>P</span> <span class='ocrx_word' id='word_1_236' title='bbox 1161 2102 1311 2136; x_wconf 81' lang='lat' dir='ltr'>multum</span> <span class='ocrx_word' id='word_1_237' title='bbox 1336 2103 1510 2137; x_wconf 88' lang='lat' dir='ltr'>lectitatus</span> <span class='ocrx_word' id='word_1_238' title='bbox 1538 2109 1573 2137; x_wconf 88' lang='lat' dir='ltr'>et</span> <span class='ocrx_word' id='word_1_239' title='bbox 1598 2116 1675 2138; x_wconf 88' lang='lat' dir='ltr'>cor-</span> 
     </span>
     <span class='ocr_line' id='line_1_29' title="bbox 248 2160 1675 2199; baseline 0.003 -7"><span class='ocrx_word' id='word_1_240' title='bbox 248 2164 377 2199; x_wconf 84' lang='lat' dir='ltr'>rectus,</span> <span class='ocrx_word' id='word_1_241' title='bbox 404 2160 508 2193; x_wconf 86' lang='lat' dir='ltr'>etiam</span> <span class='ocrx_word' id='word_1_242' title='bbox 530 2160 623 2193; x_wconf 88' lang='lat' dir='ltr'>male</span> <span class='ocrx_word' id='word_1_243' title='bbox 649 2161 792 2194; x_wconf 84' lang='lat' dir='ltr'>habitus</span> <span class='ocrx_word' id='word_1_244' title='bbox 818 2166 899 2195; x_wconf 88' lang='lat' dir='ltr'>erat.</span> <span class='ocrx_word' id='word_1_245' title='bbox 936 2162 1091 2194; x_wconf 82' lang='lat' dir='ltr'>schedae</span> <span class='ocrx_word' id='word_1_246' title='bbox 1115 2162 1337 2196; x_wconf 82' lang='lat' dir='ltr'>continentes</span> <span class='ocrx_word' id='word_1_247' title='bbox 1355 2163 1588 2196; x_wconf 85' lang='lat' dir='ltr'>commissura</span> <span class='ocrx_word' id='word_1_248' title='bbox 1609 2175 1675 2197; x_wconf 88' lang='lat' dir='ltr'>usu</span> 
     </span>
     <span class='ocr_line' id='line_1_30' title="bbox 247 2218 1673 2264; baseline 0.004 -14"><span class='ocrx_word' id='word_1_249' title='bbox 247 2218 375 2251; x_wconf 76' lang='lat' dir='ltr'>detrita</span> <span class='ocrx_word' id='word_1_250' title='bbox 399 2229 469 2251; x_wconf 86' lang='lat' dir='ltr'>non</span> <span class='ocrx_word' id='word_1_251' title='bbox 495 2229 573 2252; x_wconf 87' lang='lat' dir='ltr'>raro</span> <span class='ocrx_word' id='word_1_252' title='bbox 599 2219 736 2252; x_wconf 85' lang='lat' dir='ltr'>solutae</span> <span class='ocrx_word' id='word_1_253' title='bbox 763 2225 873 2259; x_wconf 87' lang='lat' dir='ltr'>erant,</span> <span class='ocrx_word' id='word_1_254' title='bbox 900 2220 1021 2264; x_wconf 83' lang='lat' dir='ltr'>itaque</span> <span class='ocrx_word' id='word_1_255' title='bbox 1047 2230 1136 2264; x_wconf 86' lang='lat' dir='ltr'>opus</span> <span class='ocrx_word' id='word_1_256' title='bbox 1158 2221 1282 2259; x_wconf 84' lang='lat' dir='ltr'>fuerat,</span> <span class='ocrx_word' id='word_1_257' title='bbox 1308 2232 1387 2254; x_wconf 91' lang='lat' dir='ltr'>cum</span> <span class='ocrx_word' id='word_1_258' title='bbox 1414 2223 1527 2254; x_wconf 85' lang='lat' dir='ltr'>codex</span> <span class='ocrx_word' id='word_1_259' title='bbox 1554 2223 1673 2255; x_wconf 85' lang='lat' dir='ltr'>denuo</span> 
     </span>
     <span class='ocr_line' id='line_1_31' title="bbox 248 2277 1674 2325; baseline 0.004 -17"><span class='ocrx_word' id='word_1_260' title='bbox 248 2277 426 2319; x_wconf 84' lang='lat' dir='ltr'>ligaretur,</span> <span class='ocrx_word' id='word_1_261' title='bbox 455 2278 576 2311; x_wconf 83' lang='lat' dir='ltr'>charta</span> <span class='ocrx_word' id='word_1_262' title='bbox 593 2279 811 2322; x_wconf 81' lang='lat' dir='ltr'>adglutinata</span> <span class='ocrx_word' id='word_1_263' title='bbox 837 2279 989 2312; x_wconf 86' lang='lat' dir='ltr'>schedas</span> <span class='ocrx_word' id='word_1_264' title='bbox 1016 2280 1150 2312; x_wconf 75' lang='lat' dir='ltr'>solutas</span> <span class='ocrx_word' id='word_1_265' title='bbox 1178 2280 1302 2313; x_wconf 87' lang='lat' dir='ltr'>iterum</span> <span class='ocrx_word' id='word_1_266' title='bbox 1330 2281 1510 2323; x_wconf 87' lang='lat' dir='ltr'>coniungi.</span> <span class='ocrx_word' id='word_1_267' title='bbox 1546 2293 1614 2325; x_wconf 90' lang='lat' dir='ltr'>qua</span> <span class='ocrx_word' id='word_1_268' title='bbox 1638 2292 1674 2314; x_wconf 86' lang='lat' dir='ltr'>re</span> 
     </span>
     <span class='ocr_line' id='line_1_32' title="bbox 247 2336 1674 2383; baseline 0.004 -15"><span class='ocrx_word' id='word_1_269' title='bbox 247 2336 377 2368; x_wconf 86' lang='lat' dir='ltr'>accidit</span> <span class='ocrx_word' id='word_1_270' title='bbox 411 2342 449 2369; x_wconf 88' lang='lat' dir='ltr'>ut</span> <span class='ocrx_word' id='word_1_271' title='bbox 488 2337 597 2370; x_wconf 87' lang='lat' dir='ltr'>uerba</span> <span class='ocrx_word' id='word_1_272' title='bbox 627 2342 687 2370; x_wconf 92' lang='lat' dir='ltr'>aut</span> <span class='ocrx_word' id='word_1_273' title='bbox 723 2338 914 2370; x_wconf 87' lang='lat' dir='ltr'>uerborum</span> <span class='ocrx_word' id='word_1_274' title='bbox 951 2343 1067 2382; x_wconf 85' lang='lat' dir='ltr'>partes</span> <span class='ocrx_word' id='word_1_275' title='bbox 1109 2339 1229 2372; x_wconf 85' lang='lat' dir='ltr'>charta</span> <span class='ocrx_word' id='word_1_276' title='bbox 1268 2340 1422 2372; x_wconf 86' lang='lat' dir='ltr'>obducta</span> <span class='ocrx_word' id='word_1_277' title='bbox 1464 2344 1674 2383; x_wconf 83' lang='lat' dir='ltr'>tegerentur.</span> 
     </span>
     <span class='ocr_line' id='line_1_33' title="bbox 248 2395 1675 2443; baseline 0.003 -15"><span class='ocrx_word' id='word_1_278' title='bbox 248 2395 413 2428; x_wconf 89' lang='lat' dir='ltr'>damnum</span> <span class='ocrx_word' id='word_1_279' title='bbox 446 2400 567 2439; x_wconf 83' lang='lat' dir='ltr'>postea</span> <span class='ocrx_word' id='word_1_280' title='bbox 600 2402 776 2430; x_wconf 86' lang='lat' dir='ltr'>corrector</span> <span class='ocrx_word' id='word_1_281' title='bbox 808 2397 855 2430; x_wconf 84' lang='lat' dir='ltr'>ita</span> <span class='ocrx_word' id='word_1_282' title='bbox 886 2397 1064 2441; x_wconf 85' lang='lat' dir='ltr'>reparauit</span> <span class='ocrx_word' id='word_1_283' title='bbox 1091 2402 1130 2430; x_wconf 88' lang='lat' dir='ltr'>ut</span> <span class='ocrx_word' id='word_1_284' title='bbox 1154 2408 1245 2441; x_wconf 88' lang='lat' dir='ltr'>quae</span> <span class='ocrx_word' id='word_1_285' title='bbox 1270 2398 1338 2431; x_wconf 88' lang='lat' dir='ltr'>iam</span> <span class='ocrx_word' id='word_1_286' title='bbox 1367 2409 1439 2431; x_wconf 87' lang='lat' dir='ltr'>non</span> <span class='ocrx_word' id='word_1_287' title='bbox 1464 2404 1675 2443; x_wconf 85' lang='lat' dir='ltr'>apparerent</span> 
     </span>
     <span class='ocr_line' id='line_1_34' title="bbox 245 2453 1674 2500; baseline 0.003 -15"><span class='ocrx_word' id='word_1_288' title='bbox 245 2453 282 2486; x_wconf 86' lang='lat' dir='ltr'>in</span> <span class='ocrx_word' id='word_1_289' title='bbox 308 2453 427 2487; x_wconf 85' lang='lat' dir='ltr'>charta</span> <span class='ocrx_word' id='word_1_290' title='bbox 452 2455 516 2488; x_wconf 87' lang='lat' dir='ltr'>illa</span> <span class='ocrx_word' id='word_1_291' title='bbox 540 2455 757 2497; x_wconf 84' lang='lat' dir='ltr'>adglutinata</span> <span class='ocrx_word' id='word_1_292' title='bbox 787 2456 1014 2490; x_wconf 85' lang='lat' dir='ltr'>adscriberet.</span> <span class='ocrx_word' id='word_1_293' title='bbox 1057 2456 1121 2489; x_wconf 87' lang='lat' dir='ltr'>sed</span> <span class='ocrx_word' id='word_1_294' title='bbox 1140 2462 1329 2500; x_wconf 81' lang='lat' dir='ltr'>antequam</span> <span class='ocrx_word' id='word_1_295' title='bbox 1355 2457 1423 2490; x_wconf 90' lang='lat' dir='ltr'>hoc</span> <span class='ocrx_word' id='word_1_296' title='bbox 1451 2458 1579 2490; x_wconf 86' lang='lat' dir='ltr'>factum</span> <span class='ocrx_word' id='word_1_297' title='bbox 1609 2463 1674 2498; x_wconf 84' lang='lat' dir='ltr'>est,</span> 
     </span>
     <span class='ocr_line' id='line_1_35' title="bbox 247 2514 1673 2561; baseline 0.004 -16"><span class='ocrx_word' id='word_1_298' title='bbox 247 2523 288 2545; x_wconf 87' lang='lat' dir='ltr'>ex</span> <span class='ocrx_word' id='word_1_299' title='bbox 317 2523 360 2545; x_wconf 92' lang='lat' dir='ltr'>eo</span> <span class='ocrx_word' id='word_1_300' title='bbox 387 2515 498 2547; x_wconf 89' lang='lat' dir='ltr'>codex</span> <span class='ocrx_word' id='word_1_301' title='bbox 523 2514 555 2557; x_wconf 78' lang='lat' dir='ltr'>Q</span> <span class='ocrx_word' id='word_1_302' title='bbox 582 2515 778 2558; x_wconf 88' lang='lat' dir='ltr'>descriptus</span> <span class='ocrx_word' id='word_1_303' title='bbox 806 2520 868 2548; x_wconf 92' lang='lat' dir='ltr'>est.</span> <span class='ocrx_word' id='word_1_304' title='bbox 915 2515 1033 2558; x_wconf 76' lang='lat' dir='ltr'>itaque</span> <span class='ocrx_word' id='word_1_305' title='bbox 1060 2514 1154 2548; x_wconf 88' lang='lat' dir='ltr'>hunc</span> <span class='ocrx_word' id='word_1_306' title='bbox 1179 2515 1364 2549; x_wconf 83' lang='lat' dir='ltr'>librarium</span> <span class='ocrx_word' id='word_1_307' title='bbox 1392 2517 1554 2560; x_wconf 84' lang='lat' dir='ltr'>sugerunt</span> <span class='ocrx_word' id='word_1_308' title='bbox 1582 2529 1673 2561; x_wconf 83' lang='lat' dir='ltr'>quae</span> 
     </span>
     <span class='ocr_line' id='line_1_36' title="bbox 247 2572 1671 2619; baseline 0.004 -15"><span class='ocrx_word' id='word_1_309' title='bbox 247 2572 314 2604; x_wconf 88' lang='lat' dir='ltr'>sub</span> <span class='ocrx_word' id='word_1_310' title='bbox 347 2572 466 2606; x_wconf 83' lang='lat' dir='ltr'>charta</span> <span class='ocrx_word' id='word_1_311' title='bbox 497 2574 667 2613; x_wconf 83' lang='lat' dir='ltr'>latebant,</span> <span class='ocrx_word' id='word_1_312' title='bbox 701 2579 739 2607; x_wconf 92' lang='lat' dir='ltr'>ut</span> <span class='ocrx_word' id='word_1_313' title='bbox 764 2586 798 2618; x_wconf 73' lang='lat' dir='ltr'>p,</span> <span class='ocrx_word' id='word_1_314' title='bbox 825 2573 882 2618; x_wconf 72' lang='lat'>24,</span> <span class='ocrx_word' id='word_1_315' title='bbox 910 2573 932 2609; x_wconf 82' lang='lat'>5</span> <span class='ocrx_word' id='word_1_316' title='bbox 954 2579 989 2606; x_wconf 90' lang='lat' dir='ltr'>et</span> <span class='ocrx_word' id='word_1_317' title='bbox 1015 2574 1036 2608; x_wconf 84' lang='lat'><strong>7</strong></span> <span class='ocrx_word' id='word_1_318' title='bbox 1060 2577 1140 2609; x_wconf 83' lang='grc' dir='ltr'>τῶν</span> <span class='ocrx_word' id='word_1_319' title='bbox 1202 2574 1260 2618; x_wconf 72' lang='lat'>35,</span> <span class='ocrx_word' id='word_1_320' title='bbox 1287 2575 1308 2609; x_wconf 89' lang='grc'>6</span> <span class='ocrx_word' id='word_1_321' title='bbox 1334 2576 1442 2608; x_wconf 81' lang='lat' dir='ltr'>altera</span> <span class='ocrx_word' id='word_1_322' title='bbox 1466 2586 1548 2619; x_wconf 78' lang='lat' dir='ltr'>pars</span> <span class='ocrx_word' id='word_1_323' title='bbox 1573 2577 1671 2610; x_wconf 83' lang='lat' dir='ltr'>uocis</span> 
     </span>
     <span class='ocr_line' id='line_1_37' title="bbox 246 2630 1671 2679; baseline 0.002 -14"><span class='ocrx_word' id='word_1_324' title='bbox 246 2630 464 2674; x_wconf 84' lang='grc' dir='ltr'><strong>σύν[τομον,</strong></span> <span class='ocrx_word' id='word_1_325' title='bbox 503 2633 580 2666; x_wconf 89' lang='lat' dir='ltr'>aliis</span> <span class='ocrx_word' id='word_1_326' title='bbox 610 2633 700 2666; x_wconf 86' lang='lat' dir='ltr'>locis</span> <span class='ocrx_word' id='word_1_327' title='bbox 733 2634 935 2672; x_wconf 85' lang='lat' dir='ltr'>fenestram,</span> <span class='ocrx_word' id='word_1_328' title='bbox 975 2644 1055 2666; x_wconf 89' lang='lat' dir='ltr'>curn</span> <span class='ocrx_word' id='word_1_329' title='bbox 1082 2634 1265 2677; x_wconf 82' lang='lat' dir='ltr'>scriberet,</span> <span class='ocrx_word' id='word_1_330' title='bbox 1305 2635 1459 2667; x_wconf 85' lang='lat' dir='ltr'>relictam</span> <span class='ocrx_word' id='word_1_331' title='bbox 1487 2640 1574 2679; x_wconf 73' lang='lat' dir='ltr'>post</span> <span class='ocrx_word' id='word_1_332' title='bbox 1594 2636 1671 2678; x_wconf 84' lang='lat' dir='ltr'>ipse</span> 
     </span>
     <span class='ocr_line' id='line_1_38' title="bbox 248 2691 1671 2737; baseline 0.005 -15"><span class='ocrx_word' id='word_1_333' title='bbox 248 2691 355 2723; x_wconf 88' lang='lat' dir='ltr'>modo</span> <span class='ocrx_word' id='word_1_334' title='bbox 376 2691 527 2724; x_wconf 82' lang='lat' dir='ltr'>feliciter</span> <span class='ocrx_word' id='word_1_335' title='bbox 554 2692 710 2736; x_wconf 83' lang='lat' dir='ltr'>expleuit</span> <span class='ocrx_word' id='word_1_336' title='bbox 734 2697 771 2725; x_wconf 88' lang='lat' dir='ltr'>ut</span> <span class='ocrx_word' id='word_1_337' title='bbox 796 2692 854 2732; x_wconf 80' lang='lat'>27,</span> <span class='ocrx_word' id='word_1_338' title='bbox 871 2692 916 2726; x_wconf 87' lang='grc'>19</span> <span class='ocrx_word' id='word_1_339' title='bbox 942 2691 1118 2737; x_wconf 74' lang='grc' dir='ltr'>ἀπ’[είρου</span> <span class='ocrx_word' id='word_1_340' title='bbox 1175 2693 1233 2732; x_wconf 77' lang='lat'>29,</span> <span class='ocrx_word' id='word_1_341' title='bbox 1259 2694 1303 2728; x_wconf 79' lang='lat'>12</span> <span class='ocrx_word' id='word_1_342' title='bbox 1331 2692 1484 2736; x_wconf 83' lang='grc' dir='ltr'>πλείους</span> <span class='ocrx_word' id='word_1_343' title='bbox 1548 2693 1604 2736; x_wconf 72' lang='lat'>29,</span> <span class='ocrx_word' id='word_1_344' title='bbox 1630 2695 1671 2729; x_wconf 80' lang='lat'>17</span> 
     </span>
     <span class='ocr_line' id='line_1_39' title="bbox 251 2746 1675 2796; baseline 0.004 -14"><span class='ocrx_word' id='word_1_345' title='bbox 251 2746 448 2794; x_wconf 73' lang='grc' dir='ltr'>νο[μίζειν,</span> <span class='ocrx_word' id='word_1_346' title='bbox 471 2751 580 2784; x_wconf 89' lang='lat' dir='ltr'>modo</span> <span class='ocrx_word' id='word_1_347' title='bbox 594 2751 784 2784; x_wconf 83' lang='lat' dir='ltr'>infeliciter</span> <span class='ocrx_word' id='word_1_348' title='bbox 803 2756 840 2784; x_wconf 90' lang='lat' dir='ltr'>ut</span> <span class='ocrx_word' id='word_1_349' title='bbox 857 2750 916 2796; x_wconf 80' lang='lat'>24,</span> <span class='ocrx_word' id='word_1_350' title='bbox 930 2751 952 2786; x_wconf 87' lang='grc'><strong>6</strong></span> <span class='ocrx_word' id='word_1_351' title='bbox 976 2751 1176 2796; x_wconf 81' lang='grc' dir='ltr'>νομίζομεν</span> <span class='ocrx_word' id='word_1_352' title='bbox 1196 2761 1275 2785; x_wconf 87' lang='lat' dir='ltr'>cum</span> <span class='ocrx_word' id='word_1_353' title='bbox 1294 2754 1438 2787; x_wconf 87' lang='lat' dir='ltr'>deberet</span> <span class='ocrx_word' id='word_1_354' title='bbox 1463 2754 1675 2795; x_wconf 74' lang='grc' dir='ltr'>νομιστέον.</span> 
     </span>
    </p>
   </div>
  </div>
 </body>
</html>
