1842 3250
214 1796 259 1829 69

287 176 354 210 122
715 176 920 209 EPICVRI
948 176 1050 211 ΠΕΡΙ
1080 177 1261 211 ΤΕΛΟΥΣ

284 292 355 333 τὴν
382 287 604 325 εὐστάθειαν
631 291 865 331 ὑποφεύγειν
891 292 959 332 τῆς
985 291 1131 333 σαρκός,
1161 291 1212 331 ὡς
1230 291 1269 324 ἐν
1289 294 1343 334 τῷ
1362 292 1506 333 ταύτην
1532 292 1695 326 ἐπινοεῖν

285 355 369 397 περί
390 366 494 395 τινας
520 355 705 397 ἐσομένην
724 355 747 396 ἢ
766 356 1024 397 γεγενημένην
1051 358 1120 389 τοῦ
1147 355 1269 397 ἡδέως
1288 358 1355 396 Ζῆν
1383 357 1502 396 ὄντος,
1537 355 1587 388 τὸ
1613 355 1695 398 γὰρ

286 445 293 451 .
310 446 316 451 .
334 446 340 451 .
359 445 365 451 .
387 418 674 458 δυναμένοις.
703 418 772 460 ὅρα
800 418 845 458 δὴ
873 420 1027 460 πρῶτον
1053 419 1120 459 μὲν
1147 416 1207 452 οἶα
1235 421 1385 452 ποιοῦσι
1409 419 1479 459 τὴν
1501 418 1532 452 εἴ
1549 429 1590 452 τε
1609 418 1694 460 ήδο-

283 483 353 524 νην
380 482 523 524 ταύτην
552 482 583 517 εἴ
609 493 649 516 τε
677 481 837 516 ἀπονίαν
859 482 878 522 ἢ
899 482 1122 516 εὐστάθειαν
1149 483 1229 516 ἄνω
1247 484 1308 515 καὶ
1326 482 1430 516 κάτω
1456 482 1697 525 μεταίροντες

286 547 326 580 ἐκ
344 549 413 580 τοῦ
434 547 609 588 σώματος
628 546 679 587 εἰς
698 547 767 587 τὴν
788 546 924 588 ψυχήν,
953 548 1034 581 εἶτα
1058 547 1170 581 πάλιν
1190 547 1230 581 ἐκ
1250 547 1390 588 ταύτης
1408 546 1459 587 εἰς
1478 547 1598 580 έκεῖνο
1618 549 1693 580 κτλ.
1720 554 1735 578 5

285 613 329 643 cs.
350 612 398 643 id.
417 613 437 644 5
458 622 490 653 p.
511 611 619 644 1090ιί
646 610 869 653 κατάστημα
893 612 959 651 μὲν
977 611 1049 653 γὰρ
1068 611 1249 652 εὐσταθὲς
1275 612 1413 654 σαρκὸς
1439 611 1581 652 γίνεται
1607 613 1695 645 πολ-

285 675 398 716 λάκις,
439 676 599 715 ἔλπισμα
627 676 666 708 δὲ
694 674 828 708 πιστὸν
855 676 951 718 ὑπὲρ
978 676 1116 718 σαρκὸς
1148 676 1208 709 καὶ
1241 676 1390 717 βέβαιον
1425 675 1494 709 οὐκ
1527 676 1629 709 ἔστιν
1657 676 1696 709 ἐν

284 741 387 782 ψυχῇ
414 742 506 773 νοῡν
535 739 672 782 ἐχούσῃ
693 739 877 780 γενέσθαι.
931 740 952 772 6
979 751 1012 782 p.
1033 738 1142 773 1090(ἰ
1167 740 1413 774 εὐσταθεῖν
1442 741 1508 781 μὲν
1526 740 1598 783 γὰρ
1616 740 1697 774 ἔστι

285 803 344 836 καὶ
377 802 555 843 ὑγιαίνειν
596 807 646 847 τῷ
680 804 826 845 σώματι
858 804 1047 846 πολλάκις,
1086 803 1246 838 πίστιν
1281 805 1321 838 δὲ
1354 806 1480 846 λαβεῖν
1511 805 1595 846 περὶ
1626 807 1695 838 τοῦ

285 868 470 909 διαμενεῖν
498 867 709 910 ἀμήχανον·
737 868 882 910 ἀνάγκη
912 869 956 911 δὴ
981 869 1232 912 ταράττεσθαι
1260 870 1320 902 καὶ
1348 868 1495 903 ὠδίνειν
1523 869 1579 902 ἀεὶ
1603 869 1697 911 πρὸς

283 932 328 965 τὸ
356 933 490 974 μέλλον
517 934 611 976 ὑπὲρ
637 936 707 967 τοῦ
734 933 919 975 σώματος,
959 934 1005 976 ἢν
1032 935 1298 977 περιμένουσιν
1333 932 1496 967 ἐλπίδα
1529 934 1696 975 πιστὴν

285 997 347 1031 ἀπ’
376 998 494 1031 αὐτοῦ
522 999 580 1032 καὶ
617 999 802 1040 βέβαιον
836 999 1023 1032 οὐδέποτε
1050 998 1259 1040 κτήσασθαι
1286 999 1529 1039 δυναμένους.
1581 1009 1695 1041 praec.

286 1062 446 1094 sanitatis
472 1062 514 1094 21
545 1074 579 1105 p.
601 1063 685 1095 1350
711 1063 781 1105 τὴν
809 1064 1050 1106 ὑμνουμένην
1077 1063 1246 1105 σαρκὸς
1273 1062 1559 1097 εὐστάθειαν.

289 1125 459 1160 GELLIVS
485 1135 525 1159 lx
554 1128 586 1164 5,
605 1126 626 1158 2
653 1126 844 1169 ‘Epicurus
872 1127 1092 1171 uoluptatem
1120 1138 1291 1160 summum
1319 1128 1452 1160 bonum
1479 1137 1558 1160 esse
1582 1128 1697 1170 ponit,

287 1201 363 1223 eam
389 1196 507 1223 tamen
532 1192 582 1223 ita
607 1191 746 1223 definit:
774 1191 912 1234 σαρκὸς
939 1191 1121 1232 εὐσταθὲς
1146 1191 1395 1234 κατάστημα’.

286 1256 399 1299 ipsius
417 1256 563 1299 Epicuri
590 1256 676 1287 haec
705 1267 783 1288 esse
802 1256 1015 1289 Cleomecles
1043 1257 1148 1288 docet
1165 1264 1192 1289 Ι]
1216 1258 1231 1289 1
1262 1255 1384 1299 (supra
1399 1267 1432 1300 p.
1447 1256 1506 1294 89,
1521 1256 1583 1300 20)
1609 1265 1697 1300 σαρ-

286 1320 350 1360 κὸς
376 1320 544 1362 εὐσταθῆ
573 1320 844 1362 καταστήματα
870 1322 1019 1362 λέγοντι
1041 1321 1278 1366 (Ἐπικούρῳ)
1307 1321 1431 1355 καὶτὰ
1449 1322 1534 1364 περὶ
1557 1321 1700 1364 ταύτης

286 1385 401 1419 πιστὰ
426 1384 637 1427 ἐλπίσματα
657 1392 690 1418 et
709 1386 883 1426 Origenes
904 1397 933 1419 c.
953 1386 1096 1418 Celsum
1116 1393 1159 1419 ΠΙ
1178 1386 1225 1419 80
1243 1397 1277 1429 p.
1297 1386 1361 1419 165
1380 1386 1541 1419 Hoesch.
1568 1384 1612 1419 τὸ
1630 1386 1699 1427 τῆς

286 1449 425 1492 σαρκὸς
452 1450 632 1491 εὐσταθὲς
659 1450 882 1493 κατάστημα
909 1451 970 1484 καὶ
994 1451 1040 1484 τὸ
1067 1452 1150 1493 περὶ
1176 1451 1319 1493 ταύτης
1336 1450 1472 1484 πιστὸν
1491 1449 1698 1494 Ἐπικούρῳ

286 1515 457 1556 ἔλπισμα,
484 1515 578 1546 libro
604 1525 642 1548 π.
662 1515 795 1555 τέλους
821 1516 945 1547 deberi
963 1515 1175 1547 Plutarchus
1201 1516 1224 1546 1.
1245 1526 1272 1549 s,
1296 1515 1317 1547 6
1336 1526 1369 1558 p.
1388 1498 1479 1549 1090
1496 1525 1546 1557 sq.
1576 1542 1583 1548 .
1600 1542 1606 1548 .
1625 1541 1631 1548 .
1652 1515 1697 1549 ἄν

285 1589 356 1622 περ
384 1579 444 1613 ἐπὶ
471 1580 579 1622 σαρκὶ
605 1581 665 1613 καὶ
693 1582 738 1623 τῇ
766 1580 851 1622 περὶ
877 1579 998 1622 σάρκα
1024 1578 1145 1613 ἐλπίδι
1163 1579 1344 1621 μάθωσιν,
1371 1580 1473 1624 ἄλλῳ
1501 1579 1540 1613 δὲ
1568 1579 1699 1622 μηδενὶ

285 1643 426 1687 χαίρειν
453 1645 513 1678 καὶ
544 1646 706 1687 θαρρεῖν,
746 1645 797 1685 ὡς
824 1644 1041 1687 Ἐπίκουρος
1067 1645 1107 1679 ἐν
1133 1643 1166 1678 τ’
1194 1644 1318 1686 ἄλλοις
1346 1646 1500 1685 πολλοῖς
1530 1644 1699 1687 γέγραφε

285 1709 354 1742 κάν
381 1709 531 1750 τούτοις
558 1708 580 1742 ἅ
608 1709 687 1743 ἐστι
717 1708 829 1751 Περὶ
854 1709 1024 1750 τέλους.

399 1805 525 1843 saepe
551 1794 737 1842 quaesiui
765 1806 814 1830 ex
840 1794 888 1831 iis
918 1794 985 1843 qui
1008 1794 1323 1844 appellabantur
1344 1794 1566 1843 sapientes,
1600 1795 1698 1843 quid

284 1866 487 1903 haberent
524 1868 637 1915 quod
669 1868 709 1904 in
740 1866 860 1904 bonis
896 1855 1186 1921 relinquerent,
1234 1868 1266 1904 si
1302 1867 1369 1904 illa
1406 1867 1698 1912 detraxissent,

285 1939 362 1976 nisi
392 1940 424 1975 si
457 1940 611 1976 uellent
644 1951 771 1977 uoces
802 1941 934 1977 inanis
967 1939 1158 1978 fundere:
1193 1940 1288 1977 nihil
1321 1939 1371 1976 ab
1405 1940 1453 1977 iis
1484 1940 1601 1989 potui
1631 1951 1697 1977 co·

285 2023 500 2062 gnoscere.
533 2014 602 2063 qui
624 2014 658 2050 si
680 2014 850 2051 uirtutes
884 2014 1050 2051 ebullire
1082 2014 1224 2051 uolent
1257 2019 1298 2049 et
1327 2014 1567 2062 sapientias,
1598 2012 1696 2050 nihil

287 2086 396 2123 aliud
434 2086 572 2123 dicent
604 2086 680 2123 nisi
711 2098 804 2123 eam
835 2087 944 2123 uiam
975 2098 1057 2134 qua
1093 2085 1323 2124 efficiantur
1353 2097 1428 2123 eae
1463 2087 1698 2135 uoluptates

286 2171 388 2208 quas
420 2171 543 2207 supra
574 2161 670 2197 dixi.

287 2228 428 2263 CICERO
454 2231 559 2263 Tusc.
587 2230 679 2272 disp.
706 2237 751 2262 ΙΙΙ
781 2230 835 2268 18,
856 2231 900 2263 42
938 2230 1085 2262 ‘deinde
1111 2231 1219 2273 paulo
1246 2230 1339 2262 infra
1364 2229 1555 2273 [antecedit
1580 2230 1622 2262 fr.
1641 2227 1699 2273 67]

287 2305 416 2337 saepe
443 2294 646 2337 quaesiui
675 2294 791 2336 inquit
818 2305 865 2326 ex
893 2295 948 2326 iis
979 2318 1084 2327 .....
1115 2295 1218 2327 dixi.
1263 2294 1363 2335 Quae
1391 2299 1557 2326 secuntur
1580 2294 1617 2325 in
1642 2304 1698 2325 ea—

287 2360 368 2390 dem
401 2359 578 2391 sententia
604 2365 684 2390 sunt
711 2365 878 2401 totusque
905 2359 998 2390 liber
1023 2359 1084 2401 qui
1116 2364 1171 2391 est
1197 2359 1241 2390 de
1266 2369 1401 2390 summo
1425 2358 1523 2390 bono
1550 2358 1699 2390 refertus

287 2429 321 2454 et
347 2423 468 2454 uerbis
495 2428 529 2455 et
555 2423 742 2455 sententiis
768 2422 932 2455 talibus'.

287 2488 332 2518 de
359 2487 488 2519 finibus
516 2494 544 2519 n
574 2487 627 2525 15,
646 2487 693 2520 48
741 2487 848 2518 ‘hanc
874 2487 1126 2529 (honestatem)
1158 2497 1195 2519 se
1228 2492 1308 2518 tuus
1341 2487 1520 2530 Epicurus
1554 2486 1700 2519 omnino

408 2646 428 2679 2
447 2646 488 2689 ἢ]
506 2646 567 2679 καὶ
585 2647 668 2679 libri
699 2648 703 2688 Ι
739 2646 760 2678 4
779 2645 982 2680 εὐπάθειαν
1001 2645 1086 2677 libri
1109 2646 1114 2688 ι
1140 2645 1182 2678 10
1202 2644 1390 2685 διαμένειν
1409 2643 1520 2685 uolgo
1549 2643 1555 2686 1
1592 2643 1631 2676 11
1653 2641 1701 2684 ἣν

288 2707 559 2749 Wyttenbach.:
575 2707 597 2748 ἢ
616 2704 652 2739 τί
669 2706 753 2738 libri
776 2706 781 2748 Ι
808 2706 850 2739 12
868 2704 1066 2749 οὐδέποτε)
1081 2703 1234 2738 οὐδέπω
1250 2704 1333 2736 libri
1355 2702 1361 2746 1
1383 2703 1429 2737 23
1445 2702 1527 2746 κάν]
1542 2702 1602 2736 καὶ
1617 2701 1702 2733 libri

1724 877 1752 899 lO

1723 1199 1754 1225 15

1721 1522 1755 1548 20

1722 1880 1756 1906 25

1723 2240 1757 2266 80
