1816 3267
244 849 350 898 Tibi,
391 849 445 887 mi
486 847 748 892 Buechelere,
787 849 902 897 quod
938 848 1034 885 olim
1071 849 1174 886 haec
1213 848 1414 898 Epicurea
1449 853 1540 885 utut

129 922 223 954 sunt
259 917 447 954 manibus
484 916 633 954 emissa
669 914 868 964 inscripsi,
912 927 996 953 non
1033 915 1077 952 id
1114 916 1243 954 solum
1282 915 1412 953 fateor
1442 914 1538 953 mihi

130 984 344 1022 consilium
374 984 513 1033 fuisse,
544 991 589 1021 ut
619 981 824 1022 amicitiae
855 982 1035 1033 quinque
1068 990 1162 1022 tunc
1191 984 1325 1024 lustris
1356 983 1539 1022 firmatae

128 1051 298 1101 aliquod
324 1051 487 1102 publice
518 1056 677 1089 extaret
706 1058 1031 1098 monumentum,
1064 1051 1138 1088 sed
1169 1051 1292 1089 etiam
1324 1056 1368 1088 ut
1397 1050 1439 1088 in
1470 1050 1538 1089 ha-

127 1131 282 1165 renam,
324 1119 365 1156 in
398 1130 479 1168 qua
511 1118 677 1168 egregia
715 1117 874 1155 uirtutis
918 1117 1144 1167 specimina
1174 1130 1257 1156 non
1290 1118 1418 1155 semel
1453 1116 1540 1156 edi-

129 1187 238 1230 disti,
271 1187 333 1224 cui
363 1186 474 1224 haud
505 1185 591 1224 scio
622 1197 672 1223 an
701 1196 824 1223 nemo
851 1196 959 1222 nunc
990 1185 1121 1235 magis
1142 1197 1265 1235 quam
1289 1192 1331 1223 tu
1361 1185 1537 1223 idoneus

129 1254 192 1302 sit,
227 1253 345 1303 quasi
365 1253 639 1302 gladiatorem
662 1258 893 1303 spectatum
916 1258 955 1289 te
977 1253 1228 1292 reducerem.
1262 1252 1418 1290 tardius
1441 1257 1539 1290 uota

128 1321 233 1358 solui
265 1332 388 1372 quam
422 1320 578 1359 uellem.
622 1320 737 1369 quod
769 1320 913 1370 quibus
943 1331 1075 1358 rerum
1106 1325 1149 1357 et
1179 1331 1350 1358 casuum
1380 1318 1541 1369 inpedi-

129 1388 276 1426 mentis
320 1387 518 1437 euenerit,
565 1399 700 1436 neque
738 1392 782 1424 tu
821 1388 955 1424 nescis
993 1399 1129 1436 neque
1166 1387 1335 1425 aliorum
1371 1386 1542 1424 interest

129 1457 242 1495 scire.
301 1467 409 1493 nunc
447 1455 609 1493 ueniam
643 1455 775 1503 dabis,
823 1466 914 1492 cum
951 1454 1092 1492 librum
1122 1454 1251 1504 primo
1291 1454 1540 1498 festinatum,

131 1523 284 1561 deinde
316 1523 486 1573 amplius
517 1527 704 1573 quattuor
742 1533 942 1560 annorum
973 1522 1091 1571 quasi
1122 1522 1330 1560 obliuione
1363 1521 1540 1571 quadam

129 1591 324 1628 omissum
356 1590 524 1628 tandem
555 1590 778 1639 aliquando
810 1590 1045 1627 absolutum
1078 1590 1264 1628 manibus
1297 1588 1375 1627 tuis
1407 1589 1539 1627 trado.

127 1670 248 1710 quem
278 1659 427 1696 uellem
458 1659 626 1708 dignum
657 1669 749 1696 esse
779 1658 947 1696 nomine
978 1664 1063 1696 tuo.

241 1725 416 1776 Epicuro
447 1732 491 1763 ut
521 1737 689 1775 operam
711 1726 866 1770 darem,
901 1737 985 1763 non
1002 1725 1288 1776 philosophiae
1312 1725 1541 1775 Epicureae

126 1806 192 1831 me
225 1793 442 1831 admiratio
474 1793 706 1842 commouit,
740 1793 816 1831 sed
849 1799 892 1830 ut
913 1793 1061 1832 accidit
1083 1793 1237 1831 homini
1258 1794 1540 1842 grammatico,

125 1861 319 1899 librorum
349 1874 374 1898 a
401 1860 566 1898 Laertio
601 1860 794 1911 Diogene
826 1867 1076 1899 seruator-um
1109 1860 1337 1898 obscuritas
1369 1866 1408 1897 et
1440 1860 1543 1898 diffi-

128 1928 272 1968 cultas.
305 1940 407 1977 quos
438 1940 528 1966 cum
566 1928 712 1966 iterum
743 1928 973 1977 iterumque
994 1929 1235 1977 desperatos
1268 1928 1323 1964 de
1353 1928 1541 1966 manibus

128 1995 369 2045 posuissem,
415 2008 512 2034 ecce
553 1995 853 2034 Maximilianus
894 1994 1109 2033 Bonnetus
1150 2001 1247 2033 ante
1285 1996 1360 2032 hos
1396 1995 1542 2033 decem

127 2074 258 2100 annos
289 2062 516 2100 Hermauni
548 2062 691 2101 Dielsii
723 2068 868 2112 rogatu
903 2063 1072 2101 codices
1104 2061 1256 2101 Laertii
1292 2062 1542 2101 parisienses

125 2136 403 2178 perscrutatus
442 2130 651 2179 specimen
692 2142 834 2169 eorum
876 2130 1070 2168 adhibitis
1100 2129 1218 2167 simul
1249 2129 1356 2167 libris
1388 2129 1542 2168 Italicis

126 2196 327 2246 epistulae
344 2196 508 2247 Epicuri
543 2197 699 2247 primae
732 2197 950 2236 lectionem
981 2197 1196 2247 proposuit
1216 2198 1257 2234 in
1288 2198 1416 2235 musei
1433 2196 1542 2235 Rhe-

128 2264 225 2301 nani
256 2270 283 2303 t.
314 2271 454 2304 XXXII
491 2262 638 2316 (1877)
669 2277 707 2315 p.
730 2267 811 2305 583
834 2278 922 2316 sqq.
966 2266 1079 2316 quod
1110 2265 1301 2303 auxilium
1334 2266 1431 2303 dum
1463 2278 1541 2313 ego

125 2338 324 2381 quantum
366 2332 464 2370 lucis
503 2333 605 2371 libro
648 2334 824 2372 obscuro
860 2333 1023 2371 adferat
1059 2333 1260 2384 experior,
1293 2333 1459 2371 miratus
1491 2333 1541 2370 si·

125 2399 207 2437 mul
247 2405 290 2437 et
332 2400 508 2438 laetatus
550 2401 648 2439 locis
684 2413 770 2439 non
800 2401 939 2452 paucis
973 2401 1058 2439 uidi
1088 2401 1414 2450 interpolationis
1447 2401 1540 2440 labe

124 2466 308 2504 abstersa
341 2467 587 2505 sententiam
619 2480 761 2506 sanam
791 2475 834 2506 et
854 2468 1035 2517 genuina
1057 2467 1264 2517 scriptoris
1295 2467 1423 2505 uerba
1455 2468 1541 2505 eni-

126 2539 296 2572 tescere.
329 2534 451 2583 igitur
472 2535 737 2585 intellegendi
762 2535 966 2585 scriptoris
988 2541 1029 2573 et
1051 2534 1302 2573 emendandi
1331 2547 1427 2585 spes
1458 2535 1539 2572 iam

125 2612 209 2638 non
245 2601 500 2641 eludebatur.
563 2603 664 2652 quid
695 2601 850 2641 multa?
910 2602 994 2641 fata
1027 2603 1203 2643 trahunt.
1251 2603 1540 2652 quodcumque

126 2667 391 2716 adgredieris.
438 2682 521 2706 non
550 2671 683 2719 possis
714 2677 874 2720 partem
906 2676 1017 2708 recte
1049 2670 1335 2708 administrare
1369 2671 1444 2708 nisi
1476 2677 1538 2708 to-

125 2741 212 2771 tum
247 2735 468 2785 amplexus.
507 2742 570 2775 'et
611 2737 691 2775 hoc
728 2743 861 2775 totum
900 2743 943 2775 ut
981 2738 1245 2788 susciperem,
1284 2738 1405 2788 copia
1440 2739 1535 2776 mihi

127 2800 238 2839 sacta
269 2808 331 2839 est
362 2802 546 2841 officiosa
583 2804 806 2843 amicorum
846 2804 1098 2854 liberalitate,
1145 2804 1190 2844 C.
1219 2804 1542 2843 WACHSMVTHH
