1842 3250
648 205 856 238 EPICVRI
881 206 1069 238 ETHICA
1499 205 1567 237 287

148 321 203 349 ter
219 316 425 359 uoluptates
451 327 685 355 numeremus,
713 328 790 349 cum
818 318 946 350 certior
971 318 1071 349 nulla
1097 317 1143 349 sit
1168 318 1335 360 uoluptas
1354 328 1459 361 quam
1478 328 1568 360 quae

150 380 220 413 iam
249 380 339 424 eripi
363 391 437 413 non
461 380 607 423 potest'.

57 471 127 506 436
271 470 527 506 PLV'rAROHVS
561 478 682 505 contra
707 473 852 515 Epicuri
885 474 1058 506 beatitud.
1089 473 1131 507 18
1157 484 1190 516 p.
1213 472 1323 508 1099d
1362 474 1485 517 ὥςπερ
1512 474 1569 508 λέ-

150 545 272 579 γουσι,
310 536 356 571 τὸ
383 538 593 579 μεμνῆσθαι
625 539 703 571 τῶν
736 538 936 581 προτέρων
971 537 1125 579 ἀγαθῶν
1158 538 1335 579 μέγιστόν
1370 538 1449 573 ἐστι
1475 538 1569 581 πρὸς

112 610 129 636 5
149 599 195 635 τὸ
221 594 345 641 ἡδέὼς
371 601 450 642 Ζῆν.
511 601 635 632 Cicero
663 600 708 632 de
734 600 792 634 fin.
819 608 850 633 11
877 601 934 640 32,
956 601 1023 634 106
1050 602 1124 633 init.

152 663 424 708 [PLVTAchvs
449 669 570 696 contra
587 664 734 707 Epicuri
753 665 925 699 beatitud.
945 666 966 698 4
985 676 1017 708 p.
1037 665 1143 698 1089ο
1170 665 1258 700 οὔτε
1282 666 1372 707 τοὺς
1396 665 1569 710 μετρίους

151 729 211 763 καὶ
244 728 449 772 σώφρονας
482 727 581 770 εἰκὸς
618 727 862 771 ἐνδιατρίβειν
895 732 941 773 τῇ
978 728 1124 774 ἐπινοίᾳ
1150 731 1228 763 τῶν
1260 731 1447 764 τοιούτων
1479 731 1569 765 οὐδὲ

151 792 174 827 ἅ
200 803 271 836 περ
298 793 494 827 ἔσκωπτεν
521 793 638 827 αὐτὸν
658 793 872 837 Καρνεάδης
897 794 1127 837 πράττοντα,
1156 792 1236 828 οἷον
1265 794 1302 828 ἐξ
1329 795 1569 838 ἐφημερίδων

151 856 411 900 ἀναλέγεσθαι,
438 857 598 898 ποσάκις
623 857 748 902 Ἡδείᾳ
775 858 835 892 καὶ
866 857 1032 902 Λεοντίῳ
1061 860 1250 900 συνῆλθον
1276 859 1298 901 ἢ
1327 862 1401 893 ποῦ
1428 859 1569 894 Θάσιον

98 933 129 957 10
152 922 259 956 ἔπιον
287 920 356 966 <ἢ>
385 922 506 963 πόσας
534 921 684 963 εἰκάδας
711 921 916 965 ἐδείπνησα
945 921 1280 967 πολυτελέστατα]

56 1013 126 1047 437
272 1004 531 1050 HIERONYMVS
564 1026 690 1049 comm..
722 1017 758 1048 in
787 1017 938 1048 Iesaiam
971 1017 994 1049 1.
1015 1024 1056 1049 xx
1085 1027 1113 1047 e.
1134 1016 1179 1049 38
1205 1022 1229 1048 t.
1248 1023 1289 1048 JV
1317 1028 1349 1058 p.
1368 1016 1454 1050 4730
1473 1017 1569 1049 Van.

151 1079 266 1113 ‘unde
292 1080 400 1112 stulta
424 1080 573 1124 Epicuri
601 1082 776 1113 sententia
806 1087 869 1120 cst,
905 1082 964 1124 qui
991 1082 1118 1114 asserit
1144 1082 1391 1114 recordatione
1418 1086 1571 1124 praeter-

151 1146 279 1178 itorum
306 1146 484 1178 bonorum
514 1145 606 1177 mala
629 1146 830 1189 praesentia
856 1146 1037 1187 miti-gari'.

150 1210 199 1242 id.
221 1210 271 1243 ib.
289 1217 393 1244 xvm
412 1221 441 1243 e.
457 1209 501 1243 65
520 1221 554 1253 p.
574 1210 659 1243 788ο
685 1210 746 1242 ‘eo
767 1211 863 1253 quod
882 1211 918 1242 in
939 1210 1109 1252 angustiis
1138 1211 1321 1243 constituti
1349 1221 1571 1254 nequaquam

96 1282 127 1308 15
150 1274 399 1318 uoluptatibus
425 1275 585 1317 pristinis
611 1275 708 1306 iuxta
734 1285 887 1306 errorem
911 1275 1059 1318 Epicuri
1086 1277 1200 1307 animo
1228 1275 1476 1318 perfruantur’.

153 1339 408 1373 Avovs‘rmvs
434 1349 537 1372 serm.
559 1346 756 1372 cccxnvm
784 1340 803 1373 3
831 1345 854 1372 t.
874 1347 900 1370 v
928 1351 961 1382 p.
981 1340 1088 1372 1344·
1109 1340 1163 1373 ed.
1179 1341 1268 1374 Ven.
1293 1339 1382 1373 1719
1409 1340 1506 1372 ‘nam
1535 1345 1570 1372 et

151 1404 189 1436 hi
210 1404 422 1437 fortissimos
451 1415 488 1436 se
515 1405 645 1436 iactant
672 1409 706 1436 et
733 1404 824 1436 nihil
852 1405 997 1436 omnino
1025 1405 1149 1436 timere
1176 1416 1213 1436 se
1243 1405 1375 1442 dicunt,
1404 1405 1486 1447 quia
1504 1415 1568 1437 nec

151 1468 345 1511 quidquam
380 1469 485 1501 deum
517 1479 572 1501 res
607 1469 778 1501 humanas
811 1480 931 1502 curare
963 1470 1174 1502 arbitrantur
1201 1475 1235 1501 et
1265 1474 1473 1512 consumpta
1500 1470 1570 1501 ista

151 1534 225 1566 uita
255 1534 391 1566 nullam
417 1539 544 1576 postea
577 1534 727 1566 credunt
761 1534 925 1572 futuram,
966 1540 1001 1566 et
1028 1535 1057 1566 si
1084 1535 1170 1577 quid
1198 1535 1249 1566 eis
1278 1535 1505 1566 aduersitatis
1531 1535 1567 1566 in

95 1605 128 1632 20
150 1598 217 1630 hae
241 1599 319 1641 ipsa
344 1598 530 1639 contingit,
571 1608 613 1630 eo
642 1608 680 1630 se
706 1599 862 1630 munitos
894 1599 1105 1635 existimant,
1146 1599 1229 1640 quia
1256 1599 1416 1641 corporis
1445 1599 1571 1641 uolup-

151 1667 268 1701 tatem,
296 1673 374 1695 cum
400 1672 477 1694 eam
502 1664 539 1695 in
565 1663 645 1706 ipso
673 1673 823 1705 corpore
850 1668 970 1694 tenere
997 1674 1067 1695 non
1092 1668 1256 1706 possunt,
1284 1668 1435 1706 possunt
1453 1669 1571 1695 tamen

153 1727 268 1760 animo
290 1727 448 1769 cogitare
476 1732 508 1759 et
538 1738 578 1759 ea
607 1727 826 1768 cogitatione
846 1738 925 1759 sese
946 1728 1163 1761 oblectando
1192 1728 1388 1770 corporalis
1415 1728 1572 1770 uolupta-

150 1791 195 1824 tis
221 1791 478 1824 beatitudinem
508 1792 614 1824 etiam
641 1797 764 1825 contra
790 1793 988 1835 corporalis
1015 1793 1153 1825 doloris
1182 1793 1351 1835 impetum
1380 1793 1570 1826 custodire.

151 1855 324 1899 numquid
348 1866 420 1888 non
447 1861 482 1889 et
507 1856 601 1900 apud
635 1857 723 1889 istos
758 1857 904 1889 dilectio
938 1857 1032 1888 foras
1067 1858 1174 1889 mittit
1200 1856 1387 1890 timorem?
1430 1858 1494 1889 sed
1521 1858 1572 1889 di·

96 1925 128 1951 25
151 1919 261 1952 lectio
288 1920 559 1953 sordidissimae
585 1920 793 1964 uoluptatis,
833 1921 938 1953 immo
968 1921 1114 1953 dilectio
1143 1921 1369 1964 turpissimae
1394 1922 1571 1954 uanitatis.

152 1994 232 2017 nam
257 1995 335 2017 cum
365 1985 480 2028 ipsam
516 1985 738 2028 uoluptatem
767 1986 1004 2017 dmmcmbris
1033 1986 1191 2029 corporis
1219 1986 1356 2018 irruens
1383 1987 1489 2019 dolor
1515 1997 1572 2018 ex-

153 2049 308 2087 cluserit,
335 2059 399 2092 per
418 2049 544 2082 falsam
568 2050 644 2082 eius
671 2050 861 2091 imaginem
886 2051 923 2082 in
951 2051 1066 2082 animo
1086 2051 1224 2083 uanitas
1243 2051 1453 2084 remanebit.
1480 2037 1570 2093 quae

152 2114 290 2146 uanitas
309 2118 443 2146 tantum
462 2119 608 2153 amatur,
634 2118 673 2146 ut
699 2125 778 2147 cum
806 2125 883 2146 eam
908 2125 1020 2146 uanus
1047 2115 1155 2146 homo
1182 2116 1268 2147 totis
1295 2115 1433 2147 uiribus
1452 2116 1569 2149 cordis

153 2178 389 2223 amplectitur,
418 2179 522 2212 etiam
548 2179 687 2211 doloris
714 2179 864 2212 saeuitia
889 2179 1099 2221 mitigetur‘.

59 2270 129 2304 438
275 2270 418 2305 CICERO
447 2272 491 2304 de
517 2272 649 2304 finibus
676 2279 703 2304 11
732 2271 790 2310 32,
823 2272 889 2306 104
935 2271 1047 2304 ‘illud
1074 2272 1178 2315 quale
1204 2273 1347 2305 tandem
1375 2278 1439 2312 est,
1475 2274 1570 2306 bona

97 2345 130 2371 31
154 2335 346 2379 praeterita
371 2346 444 2368 non
471 2335 616 2368 effluere
644 2336 806 2379 sapienti,
837 2336 929 2368 mala
954 2337 1160 2369 meminisse
1189 2348 1261 2369 non
1287 2337 1498 2380 oportere?‘

274 2446 294 2479 5
321 2446 546 2479 continuatur
571 2457 605 2490 p.
627 2447 708 2486 144,
728 2446 774 2480 20
832 2445 838 2490 Ι
896 2447 918 2480 6
944 2446 1000 2478 his
1026 2446 1116 2479 iocis
1144 2448 1346 2480 Carneades
1376 2448 1570 2490 Epicurum

153 2504 428 2547 perstringebat,
457 2505 555 2547 quod
581 2516 622 2537 ex
645 2506 894 2538 recordatione
919 2506 1093 2538 bonorum
1121 2507 1341 2549 uoluptatem
1369 2512 1543 2549 repeteret
1568 2505 1572 2551 Ι

155 2563 176 2596 7
195 2563 384 2597 τοιούτων
403 2564 426 2597 i.
446 2574 477 2597 e.
497 2564 721 2607 uoluptatum
739 2571 984 2608 perceptarum
1004 2569 1038 2596 et
1057 2566 1324 2607 praeteritarum
1362 2564 1367 2609 ξ
1405 2565 1427 2598 8
1453 2566 1570 2600 ἔσκω-

155 2630 226 2655 πτε
249 2621 320 2656 τὸν
345 2622 549 2665 κορνιάδην
577 2623 806 2666 (καρνεάδην
824 2624 918 2656 Ven.
941 2623 976 2667 1)
994 2623 1093 2655 libri:
1122 2634 1210 2655 corr.
1231 2623 1533 2666 W'yttenbachius
1563 2622 1568 2667 Ι

158 2680 203 2713 10
215 2680 322 2714 ἔπιον
337 2680 451 2723 ποίας
462 2681 545 2714 libri
571 2681 586 2724 ΙΙ
616 2683 656 2714 12
672 2682 716 2714 cf.
733 2683 859 2714 Cicero
874 2683 978 2714 Tusc.
996 2683 1088 2725 disp.
1103 2691 1130 2715 v
1145 2683 1202 2721 26,
1215 2683 1263 2715 74
1277 2693 1382 2725 supra
1395 2694 1430 2725 p.
1446 2682 1524 2720 140,
1540 2683 1570 2716 l.

157 2738 239 2782 144,
249 2738 294 2772 22
317 2737 323 2784 Ι
346 2739 389 2772 21
407 2740 486 2773 fort.
498 2752 576 2773 eam
589 2743 668 2784 ipso
689 2739 695 2785 1
718 2740 762 2774 27
778 2743 958 2773 uanitalis
973 2741 1082 2773 fertur
1111 2740 1126 2784 H
1156 2741 1202 2774 30
1217 2742 1261 2776 cf.
1273 2742 1313 2775 fr.
1325 2741 1394 2775 397
1408 2752 1442 2784 p.
1455 2741 1536 2781 272,
1548 2741 1570 2775 9
