1842 3250
693 498 731 537 11
785 487 1070 538 CANONICA

79 637 150 671 242
299 637 450 672 SENECA
469 639 572 682 epist.
591 638 649 677 89,
667 639 707 672 ll
737 638 921 682 ‘Epicurei
937 626 1037 670 'duas
1064 642 1182 681 partes
1205 637 1460 682 philosophiae
1486 642 1585 680 puta-

176 703 303 736 uerunt
321 713 413 742 esse,
428 702 624 735 naturalem
645 707 749 746 atque
768 701 955 736 moralem:
971 686 1182 734 ratiohaierii
1201 708 1439 746 remouerunt.
1457 701 1589 735 deinde
1631 730 1635 735 Α

175 777 254 800 cum
281 768 370 811 ipsis
396 767 503 800 rebus
530 773 744 809 cogerentur
770 767 936 808 ambigua
955 777 1152 806 secernere,
1177 756 1269 800 'falsa
1287 767 1353 800 sub
1373 767 1492 810 specie
1513 765 1589 801 ueri

135 839 151 864 5
175 833 324 866 latentia
356 842 560 876 coarguere,
596 833 664 875 ipsi
699 841 843 874 quoque
872 821 1003 871 locum,
1041 842 1146 874 quem
1173 832 1218 864 de
1239 832 1379 875 *iudicio
1408 837 1442 867 et
1467 830 1591 872 regula

175 896 370 941 appellant,
398 897 470 930 alio
497 897 640 929 nomine
666 897 878 930 rationalem
901 896 1128 935 induxerunt,
1155 897 1218 930 sed
1245 907 1324 942 euin
1348 896 1589 937 accessionem

176 970 256 993 esse
283 960 453 992 naturalis
479 960 589 1003 partis
616 959 848 992 existimant'.

175 1019 371 1059 LAEans
397 1023 509 1058 DIOG.
535 1032 563 1056 x
589 1024 636 1058 30
677 1009 833 1059 εἰώθασι
858 1024 987 1065 μέντοι
1015 1024 1061 1058 τὸ
1087 1024 1288 1059 κανονικὸν
1315 1025 1410 1066 ὁμοῦ
1437 1027 1492 1068 τῷ
1518 1035 1589 1067 φυ-

176 1091 270 1132 σικῷ
295 1089 459 1131 τάττειν,
487 1076 701 1140 καλοῦσι-’δ’
723 1088 817 1123 αὐτὸ
845 1089 928 1132 περὶ
955 1087 1148 1132 κριτηρίου
1176 1089 1235 1123 καὶ
1262 1089 1378 1132 ἀρχῆς
1404 1089 1464 1123 καὶ
1490 1097 1590 1123 στοι-

122 1167 153 1192 10
175 1154 383 1196 χειωτικόν.
863 1141 866 1144 “

178 1217 435 1254 AVGVSTIN'VS
462 1225 585 1252 eontra
602 1216 834 1252 cresconium
852 1227 867 1252 1
888 1220 943 1259 13,
962 1220 1005 1254 16
1031 1225 1054 1253 t.
1074 1227 1116 1253 IX
1146 1231 1180 1263 p.
1197 1219 1282 1254 397⁶
1311 1220 1366 1253 ed.
1387 1220 1476 1253 Ven.
1502 1219 1591 1253 1719

175 1283 290 1317 ‘nosti
316 1284 410 1316 enim
436 1295 540 1327 quam
568 1285 716 1317 maxime
743 1268 845 1328 αρυᾶ
856 1285 997 1317 Stoicos
1025 1285 1181 1326 uiguisse
1208 1285 1442 1317 dialecticam.
1471 1295 1590 1327 quam-

175 1349 232 1382 uis
270 1346 403 1392 etipsi
429 1349 611 1392 Epicurei,
649 1360 741 1393 quos
774 1350 940 1392 inperitia
975 1349 1176 1381 liberalium
1213 1349 1484 1392 disciplinarum
1522 1359 1590 1380 uon

176 1412 292 1447 solum
326 1424 399 1446 non
420 1406 592 1457 >pudebat
628 1425 750 1447 uerum
785 1415 889 1447 etiam
924 1415 1138 1462 delectabat,
1177 1415 1347 1457 quasdam
1384 1413 1589 1456 disputandi

121 1486 154 1512 15
176 1475 331 1518 regulas,
357 1477 488 1520 quibus
515 1478 666 1521 quisque
694 1489 779 1510 usus
807 1479 950 1510 minime
978 1478 1172 1517 falleretur,
1201 1489 1238 1510 se
1264 1478 1383 1520 potius
1411 1483 1446 1509 et
1471 1483 1590 1510 tenere

178 1547 213 1574 et
238 1542 367 1574 docere
400 1542 590 1576 iactabant.
640 1544 727 1586 quid
761 1550 813 1576 est
849 1545 939 1576 enim
969 1544 1068 1576 aliud
1104 1544 1295 1576 dialectica
1330 1555 1434 1587 quam
1467 1544 1592 1586 peritia

177 1606 426 1650 disputandi?'
470 1634 473 1635 γ

177 1669 332 1705 SEXTVS
358 1662 450 1715 emp}
474 1672 555 1706 adu.
583 1672 739 1714 dogmat.
765 1680 779 1705 1
807 1672 929 1715 (math.
948 1671 1022 1716 vn)
1053 1674 1096 1705 14
1112 1653 1164 1715 sq.
1191 1675 1268 1706 τῶν
1297 1673 1338 1707 δὲ
1365 1673 1495 1716 διμερῆ
1522 1674 1593 1715 τὴν

177 1734 411 1778 φιλοσοφίαν
443 1736 773 1779 ὑποστησαμένων
804 1763 811 1770 .
834 1764 839 1770 .
862 1764 895 1770 ..
924 1737 1123 1780 Ἀρχέλαος
1156 1739 1176 1771 ὁ
1210 1737 1407 1780 Ἀθηναῖος
1440 1737 1589 1780 (μετήο-

121 1815 156 1842 20
179 1799 282 1843 χετο)
319 1801 364 1835 τὸ
392 1802 554 1843 φυσικὸν
587 1801 649 1834 καὶ
677 1800 825 1843 ἠθικόν·
869 1800 948 1842 μεθ’
977 1801 1022 1835 οὗ
1054 1811 1154 1842 τινες
1186 1803 1246 1836 καὶ
1277 1802 1346 1836 τὸν
1373 1800 1592 1845 Ἐπίκουρον

0 1839 33 2750 Κ
92 1877 156 1910 (15)
180 1863 383 1898 τάττουσιν
410 1864 463 1905 ὡς
487 1865 548 1899 καὶ
572 1865 644 1908 τὴν
670 1865 825 1907 λογικὴν
852 1864 1013 1907 θεωρίαν
1041 1865 1281 1907 ἐκβάλλοντα.
1311 1866 1415 1900 ἄλλοι
1437 1867 1476 1900 δὲ
1496 1867 1593 1909 ἦσαν

179 1928 217 1963 οῗ
242 1938 337 1972 φασι
363 1929 413 1972 μὴ
443 1932 578 1971 κοινῶς
603 1929 721 1964 αὐτὸν
747 1931 818 1973 τὴν
846 1931 1001 1973 λογικὴν
1029 1933 1281 1974 παρῃτῆσθαι,
1311 1931 1430 1974 μόνην
1457 1932 1497 1966 δὲ
1523 1933 1594 1974 τήν

179 1995 258 2028 τῶν
282 1993 473 2036 Στωικῶν,
513 1995 607 2036 ὥςτε
641 1995 796 2037 δυνάμει
822 1997 979 2038 τριμερῆ
1004 1995 1115 2030 πάλιν
1145 1994 1364 2030 ἀπολείπειν
1391 1997 1461 2037 τὴν
1487 1998 1593 2038 φιλο-

93 2068 155 2101 (22)
181 2057 321 2101 σοφίαν
348 2085 498 2093 ......
526 2058 562 2094 oi
589 2059 630 2094 δὲ
648 2058 893 2105 Ἐπὺςούρειοι
921 2059 996 2093 ἀπὸ
1022 2062 1101 2094 τῶν
1127 2062 1290 2101 λογικῶν
1318 2060 1593 2103 εἰσβάλλουσιν·

0 2760 36 2802 :³

0 2889 40 2963 ἓ

305 2194 531 2240 l'Canonica
555 2208 622 2250 Ep.
650 2218 722 2239 non
749 2207 866 2240 solum
893 2208 1050 2245 Canone,
1087 2219 1192 2251 quem
1221 2208 1314 2239 inter
1339 2209 1452 2251 prima
1476 2208 1594 2252 philo-

183 2265 289 2309 sophi
315 2265 447 2308 scripta
472 2266 654 2299 Hirzelius
678 2271 817 2300 unters.
842 2277 885 2299 zu
912 2266 1055 2300 Ciceros
1073 2268 1210 2309 philos.
1237 2267 1356 2299 sckrr.
1376 2274 1390 2299 Ι
1408 2277 1441 2310 p.
1460 2267 1523 2300 161
1542 2277 1595 2310 sq.

183 2330 277 2358 recte
303 2324 424 2363 habet,
455 2325 518 2357 sed
547 2326 652 2358 etiam
678 2327 713 2358 in
741 2326 821 2359 aliis
847 2326 949 2358 libris
977 2326 1173 2358 identidem
1202 2326 1375 2363 tractauit,
1407 2326 1595 2368 praecipue

183 2385 221 2417 in
246 2395 355 2428 opere
380 2384 465 2427 περὶ
490 2384 654 2427 φύσεως,
694 2385 730 2417 id
764 2385 861 2428 quod
894 2395 965 2417 non
998 2376 1184 2417 solum‘ex
1211 2384 1376 2428 epistulis
1410 2385 1455 2416 ad
1481 2386 1596 2416 Hero-

183 2443 308 2476 dotum
334 2448 368 2476 et
394 2444 439 2476 ad
467 2443 668 2486 Pythoclen
695 2444 858 2485 colligas,
897 2445 960 2476 sed
989 2444 1092 2476 etiam
1119 2454 1162 2476 ex
1186 2443 1348 2487 reliquiis
1375 2443 1595 2476 uoluminum

183 2503 519 2536 Herculanensium.
546 2503 646 2534 uelut
672 2513 763 2545 quae
791 2507 981 2545 supersunt
1008 2514 1049 2535 ex
1076 2503 1170 2535 libro
1190 2509 1336 2540 xxvnx,
1362 2502 1398 2533 in
1417 2503 1473 2534 his
1492 2513 1597 2544 quae-

185 2561 364 2594 stionibus
393 2562 512 2594 omnia
535 2567 732 2595 uersantur.
782 2573 854 2594 non
881 2563 1006 2594 mirum
1033 2562 1151 2603 igitur,
1179 2562 1208 2594 si
1235 2562 1320 2604 quid
1349 2567 1475 2605 postea
1500 2572 1520 2593 a
1546 2561 1596 2593 di·

188 2620 341 2664 sciplina
373 2620 617 2664 Nausiphanis
652 2632 757 2665 quam
792 2621 937 2654 canone
972 2626 1196 2665 expresserat
1227 2621 1347 2663 (supra
1379 2631 1412 2663 p.
1438 2620 1515 2658 104,
1533 2619 1597 2663 23)

185 2680 367 2712 discessit:
393 2680 656 2723 φανταστικὴν
676 2680 857 2722 ἐπιβολὴν
875 2681 943 2723 τῆς
961 2678 1128 2720 διανοίας
1154 2684 1294 2712 constat
1316 2684 1481 2711 nouatam
1506 2689 1598 2716 esse,

186 2739 230 2773 cf.
248 2739 366 2771 Laert.
384 2746 410 2771 x
431 2738 474 2773 31
495 2737 618 2783 (supra
636 2750 670 2782 p.
686 2739 734 2774 70
754 2744 789 2772 et
807 2740 847 2774 fr.
864 2739 911 2774 35
928 2750 962 2783 p.
981 2740 1048 2773 ΠΜ
1105 2739 1289 2772 Hirzelius
1314 2738 1338 2771 l.
1358 2750 1386 2770 s.
1410 2749 1444 2781 p.
1462 2737 1529 2772 135
1545 2749 1598 2781 sq.

1286 2802 1329 2836 12

3 3028 5 3045 1
