1842 3250
675 233 875 265 EPICVR1
903 234 1119 265 PHYSICA
1535 234 1604 267 207

191 347 353 387 τούτους
387 347 427 381 ἐν
462 350 542 387 τοῖς
578 346 776 389 στοιχείοις
812 348 914 381 ἐστὶν
941 349 1001 382 καὶ
1034 351 1165 382 ταῦτα.
1221 349 1278 382 διὸ
1305 348 1400 382 κατὰ
1429 349 1494 390 μὲν
1520 348 1606 382 τού-

186 422 277 452 τους
312 412 353 446 ἐκ
379 412 710 454 προὺπαρχόντων
742 413 954 454 χρωμάτων
986 413 1130 453 γίνεταί
1162 423 1246 446 τινα
1278 413 1477 455 χρώματα·
1522 412 1604 446 καθ’

187 476 232 510 ὃν
259 477 299 510 δὲ
327 476 376 518 μὴ
405 477 508 510 ἔστιν
535 476 575 510 ἐν
601 479 680 517 τοῖς
707 476 906 519 στοιχείοις
937 480 1069 519 ταῦτα,
1111 478 1180 511 οὐκ
1209 478 1249 511 ἑκ
1276 478 1605 521 προὺπαρχόντων

188 542 212 583 ἡ
237 541 384 582 γένεσις
410 541 549 575 αὐτῶν.
580 542 630 582 ὡς
658 542 726 575 οὖν
753 542 784 576 εἰ
810 543 973 577 ὑπέθετό
1000 554 1055 584 τις
1083 544 1205 585 ἄτομα
1233 543 1327 577 εἶναι
1355 544 1513 584 σώματα
1543 543 1605 586 ἀρ-

147 617 164 642 5
189 605 256 648 χὰς
281 607 360 639 τῶν
386 605 511 639 ὄντων
538 606 587 647 μὴ
616 607 732 647 μόνον
765 608 901 648 ἔχοντα
936 609 1061 649 σχῆμα
1094 609 1154 641 καὶ
1182 608 1338 649 μέγεθος
1372 610 1431 641 καὶ
1458 608 1606 641 ἀντιτυ-

187 669 278 704 πίαν
305 670 398 704 ἀλλὰ
425 671 485 704 καὶ
511 672 654 713 χρῶμα,
683 671 752 712 οὐχ
779 671 919 712 ὁμοίως
946 672 1041 705 κατά
1067 683 1108 706 τε
1135 675 1274 705 τοῦτον
1302 673 1324 714 ἡ
1352 675 1430 705 τῶν
1457 672 1606 715 χρωμά-

187 745 267 768 των
293 734 440 776 γένεσις
466 734 524 777 (ἐκ
551 735 867 778 προὺπάρχοντος
899 736 971 778 γὰρ
1000 737 1199 779 χρώματος
1232 738 1291 769 καὶ
1323 737 1435 778 ὄντος
1461 737 1501 771 ἐν
1527 740 1607 778 τοῖς

190 798 404 841 στοιχείοις)
431 801 491 833 καὶ
518 799 601 833 καθ’
625 799 668 833 ὃν
696 800 742 833 τὰ
770 801 892 842 ἄτομα
918 804 1040 834 ταῦτα
1068 804 1235 842 στοιχεῖα
1262 801 1331 835 οὐκ
1357 802 1431 843 ἔχει
1457 803 1606 845 χρῶμα·

190 865 315 906 οὕτως
346 864 427 898 οὐδ’
456 863 487 898 εἰ
515 865 563 906 μὴ
593 865 716 906 ἄτομά
742 876 797 906 τις
823 866 870 899 τὰ
899 869 1066 908 στοιχεῖα
1099 867 1212 908 λέγοι,
1252 867 1354 907 λέγοι
1382 867 1422 900 δέ
1449 867 1496 899 τὰ
1523 866 1607 900 τέσ-

135 943 166 967 10
191 937 287 971 σαρα
313 931 369 971 τῷ
397 928 436 962 ἑν
465 929 616 969 τούτοις
644 929 738 962 εἶναι
766 930 859 970 μετὰ
885 932 963 963 τῶν
991 931 1115 964 ἄλλων
1143 932 1203 965 καί
1229 931 1276 964 τὰ
1306 931 1497 974 χρώματα,
1525 929 1607 964 οὐδ’

192 993 305 1033 οὗτος
334 993 380 1026 ἂν
406 991 547 1035 ὁμοίως
572 993 780 1038 Ἐπικούρῳ
807 994 877 1035 τὴν
903 996 982 1027 τῶν
1009 995 1221 1037 χρωμάτων
1248 994 1393 1036 εἰσάγοι
1419 996 1546 1038 φύσιν.

239 1090 307 1121 DE
334 1090 588 1122 MiXTIONE

95 1174 167 1206 290
311 1171 559 1204 ALEXANDER
585 1170 750 1213 Aphrod.
779 1172 823 1203 de
850 1172 1019 1204 mixtione
1047 1173 1069 1205 s.
1096 1172 1178 1206 {40¹¹
1205 1172 1421 1216 Ἐπίκουρος
1449 1173 1488 1206 δὲ
1517 1174 1607 1216 φεύ-

191 1246 271 1277 γειν
300 1235 528 1277 βουλόμενος
556 1235 600 1268 τὸ
628 1235 703 1269 ὑπὸ
731 1235 975 1278 Δημοκρίτου
1003 1237 1117 1279 ῥηθὲν
1145 1237 1301 1271 ἕπεσθαι
1330 1238 1503 1279 βούλεται
1529 1242 1609 1280 τοῖς

136 1312 168 1338 15
191 1300 397 1344 παραθέσει
423 1302 502 1334 τῶν
530 1300 766 1343 κιρναμένων
792 1301 862 1342 τὴν
890 1303 1022 1343 κρᾶσιν
1049 1301 1217 1341 γίνεσθαι
1245 1302 1407 1344 λέγουσι,
1444 1303 1607 1346 παραθέ-

192 1374 248 1400 σει
281 1365 348 1406 μέν
380 1375 496 1399 τινων
530 1365 719 1406 σωμάτων
753 1366 813 1398 καὶ
847 1366 962 1405 αὐτὸς
990 1365 1058 1406 τὰς
1090 1366 1240 1408 κράσεις
1272 1366 1440 1407 γίνεσθαι
1473 1368 1607 1410 λέγων,

191 1429 269 1464 ἀλλ’
289 1431 359 1464 οὐκ
385 1430 513 1463 αὐτῶν
538 1432 617 1463 τῶν
637 1430 874 1471 μιγνυμένων
903 1430 1092 1471 σωμάτων
1120 1432 1350 1474 σῳζομένων
1377 1432 1416 1466 έν
1443 1435 1489 1475 τῇ
1518 1433 1609 1466 διαι-

191 1495 302 1539 ρέσει,
342 1494 421 1529 ἀλλ’
450 1494 720 1536 ἀναλυομένων
749 1493 799 1535 εἰς
824 1495 870 1528 τὰ
899 1497 1064 1536 στοιχεῖα
1092 1496 1152 1528 καὶ
1181 1496 1248 1536 τὰς
1274 1494 1449 1538 ἀτόμους,
1491 1497 1527 1530 ἐξ
1554 1497 1609 1530 ὧν

193 1560 357 1594 ἕκαστον
385 1560 513 1593 αὐτῶν
540 1559 787 1601 συγκείμενόν
820 1570 901 1599 πως
928 1560 972 1592 τὸ
1000 1561 1067 1600 μὲν
1095 1561 1197 1600 οἶνος
1224 1560 1270 1602 ῆν
1295 1561 1338 1594 τὸ
1367 1561 1406 1594 δὲ
1435 1561 1539 1603 ὕδωρ
1564 1561 1610 1594 τὸ

136 1632 169 1656 20
193 1624 233 1658 δὲ
260 1624 341 1667 μέλι
366 1624 412 1658 τὸ
439 1625 470 1657 δ’
499 1625 589 1659 ἄλλό
616 1635 662 1666 τι,
703 1625 832 1658 ἔπειτα
865 1627 956 1668 ποιᾷ
985 1626 1136 1658 τούτων
1166 1628 1245 1658 τῶν
1274 1625 1462 1667 σωμάτων
1493 1626 1529 1659 ἐξ
1555 1625 1611 1659 ὧν

192 1689 239 1731 ἦν
265 1689 312 1723 τὰ
339 1689 543 1733 κιρνάμενα
570 1689 664 1733 πρὸς
690 1690 832 1731 ἄλληλα
860 1689 1033 1724 συνθέσει
1052 1690 1280 1730 γεννώντων
1307 1690 1351 1724 τὸ
1379 1689 1611 1733 κεκραμένον

193 1756 313 1797 σῶμα,
343 1754 658 1795 συμμιγνυμένων
679 1753 792 1797 <οὺχ>
821 1754 960 1795 ὕδατός
985 1765 1026 1788 τε
1055 1755 1115 1787 καὶ
1142 1754 1247 1788 οἴνου
1276 1754 1368 1789 ἀλλὰ
1394 1757 1472 1788 τῶν
1500 1754 1609 1798 ὑδρο-

192 1820 314 1852 ποιῶν
341 1818 506 1860 ἀτόμων,
546 1818 597 1859 ὡς
629 1818 675 1852 ἂν
708 1817 806 1853 εἴποι
838 1829 904 1860 τις,
944 1822 1025 1860 ταῖς
1058 1818 1277 1861 οἰνοποιοῑς,
1316 1821 1443 1863 φθορᾷ
1475 1829 1516 1853 τε
1549 1821 1610 1853 καὶ

192 1883 339 1925 γενέσει
363 1885 480 1917 τινῶν
506 1883 577 1926 τὴν
603 1886 735 1926 κρᾶσιν
762 1882 931 1924 γίνεσθαι
957 1884 1099 1924 λέγων·
1130 1882 1197 1927 <ή>
1217 1884 1289 1926 γὰρ
1309 1883 1361 1924 εἰς
1377 1884 1424 1917 τὰ
1444 1887 1611 1926 στοιχεῖα

137 1957 170 1982 2²5
193 1947 372 1989 ἀνάλυσις
405 1948 568 1983 ἑκάστου
603 1949 663 1982 καὶ
697 1949 719 1991 ἡ
755 1948 795 1982 ἐκ
828 1951 906 1982 τῶν
940 1948 1138 1990 στοιχείων
1173 1949 1344 1990 σύνθεσις
1380 1949 1509 1982 αὐτῶν
1542 1945 1610 1994 (τὸ

193 2013 261 2055 μὲν
286 2011 467 2057 γένεσις),
494 2013 539 2047 τὸ
566 2013 607 2048 δὲ
632 2013 770 2057 φθορά.
818 2036 832 2054 ,

241 2112 309 2144 DE
335 2113 637 2146 MVTATIONE

100 2196 167 2230 291
315 2194 466 2229 SEXTVS
493 2206 584 2238 emp.
613 2196 694 2229 adu.
722 2196 876 2237 dogmat.
897 2203 936 2228 ιν
963 2194 1144 2237 (mathem.
1163 2194 1206 2239 x)
1232 2195 1278 2228 42
1311 2195 1412 2236 τινὲς
1435 2196 1515 2229 τῶν
1540 2205 1610 2238 φυ-

196 2261 325 2302 σικῶν,
366 2259 403 2294 ἑξ
434 2259 489 2293 ὧν
523 2260 601 2294 ἐστι
634 2261 695 2294 καὶ
728 2260 749 2294 ὁ
782 2259 1010 2303 Ἐπίκουρος,
1050 2260 1122 2302 τὴν
1155 2260 1431 2303 μεταβλητικὴν
1464 2258 1611 2302 κίνησιν

318 2409 357 2442 11
380 2414 498 2441 cetera
516 2409 643 2442 inutile
664 2409 796 2452 adponi
830 2408 845 2452 ΙΙ
882 2409 924 2442 13
943 2414 1083 2452 praeter
1102 2409 1276 2441 Aldinam
1295 2407 1362 2453 (A)
1381 2414 1525 2452 praesto
1545 2409 1611 2441 fuit

198 2469 278 2502 eod.
305 2469 507 2501 Marcianus
533 2468 603 2501 257
623 2467 694 2511 (Μ)
721 2468 766 2500 ab
793 2469 907 2500 Iuone
934 2469 1049 2500 Bruns
1077 2467 1252 2500 conlatus.
1296 2468 1457 2500 codicem
1483 2467 1613 2499 Parisi-

198 2538 280 2560 num
300 2527 392 2561 1848
411 2539 489 2560 cum
507 2528 544 2560 A
561 2528 668 2571 plane
695 2528 898 2559 consentire
924 2527 1001 2558 uidi
1027 2531 1167 2569 praeter
1192 2537 1300 2558 unum
1327 2526 1365 2567 ἐς
1390 2526 1415 2558 l.
1437 2526 1480 2560 18
1502 2526 1508 2569 1
1531 2526 1611 2559 sort.

197 2583 231 2619 δ’
259 2586 458 2629 ἐκφεύγειν
498 2586 503 2628 Ι
546 2586 590 2619 14
616 2586 790 2628 βούλεται
817 2587 986 2618 omissum
1013 2586 1114 2617 addit
1139 2585 1196 2617 M2
1240 2585 1245 2628 1
1290 2585 1333 2618 16
1360 2583 1507 2629 αὐ[τὸς]
1535 2595 1612 2617 cum

197 2655 266 2678 ras,
284 2646 324 2677 M
346 2645 351 2688 Ι
374 2645 473 2686 λέγει
491 2645 547 2677 M¹
586 2647 591 2687 Ι
632 2646 677 2679 18
704 2645 741 2686 ἐς
766 2646 878 2679 Paris.
917 2646 923 2687 Ι
962 2646 1008 2678 20
1034 2645 1075 2679 δὲ
1102 2644 1193 2679 ἄλλό
1217 2655 1253 2678 τι
1277 2644 1314 2676 A
1336 2644 1342 2687 Ι
1366 2644 1425 2678 ἐπὶ
1449 2645 1496 2677 τὰ
1522 2643 1613 2678 ποιὰ

198 2705 277 2736 MA
316 2704 322 2746 Ι
360 2704 404 2737 21
432 2704 691 2748 κεκραμμένον
710 2705 745 2736 Α
783 2704 790 2748 Ι
829 2704 875 2737 23
900 2706 1027 2747 φθορᾷ
1053 2701 1110 2747 τε]
1137 2704 1298 2745 φθοραῖς
1323 2703 1402 2735 MA
1439 2703 1445 2745 Ι
1483 2702 1530 2735 24
1555 2702 1612 2736 λέ-

197 2773 278 2805 γων
303 2762 376 2806 γὰρ
403 2764 480 2795 MA
528 2762 532 2804 1
582 2763 626 2796 25
655 2762 853 2804 ἀναλύσεις
879 2763 955 2794 MA
978 2762 983 2805 1
1006 2762 1154 2795 αὐτῶν·
1181 2761 1225 2795 τὸ
1254 2761 1294 2795 δὲ
1320 2762 1457 2804 φθεῖρα
1486 2761 1564 2792 MA
