1842 3250
48 333 114 366 (61)

51 718 113 750 (6·ἔῖ

82 917 113 939 10

82 1237 114 1263 15

137 212 177 244 fr.
206 210 276 245 397
634 212 839 244 EPICVRI
866 211 1053 243 ETHICA
1478 209 1547 243 273

136 327 243 358 bores
276 336 497 369 magnosque
532 332 769 370 susceperant.
827 336 910 359 ecce
943 333 1059 359 autem
1094 325 1154 358 alii
1187 326 1312 358 minuti
1346 330 1379 357 et
1408 325 1548 366 angusti

137 396 172 423 et
199 390 317 423 omnia
345 401 484 434 semper
509 392 736 434 desperantes
763 397 820 423 aut
845 390 1014 423 maleuoli
1039 391 1165 427 inuidi,
1193 389 1362 421 difficiles
1386 390 1547 429 lucifugi,

136 455 305 488 maledici
322 457 552 499 monstruosi,
573 456 634 488 alii
654 462 769 488 autem
789 457 892 488 etiam
914 457 1093 488 amatoriis
1112 455 1322 487 leuitatibus
1341 455 1466 491 dediti,
1486 454 1548 485 alii

137 519 353 564 petulantes,
382 520 442 552 alii
463 521 614 553 audaces
633 521 804 563 proterui,
830 521 926 552 idern
943 521 1219 563 intemperantes
1239 525 1274 552 ct
1291 519 1424 560 ignaui,
1451 529 1548 551 num·

138 594 242 628 quarn
261 584 298 616 in
316 585 491 616 sententia
509 591 770 627 permanentes:
800 596 886 628 quas
914 586 961 617 ob
989 595 1110 617 causas
1140 585 1174 616 in
1203 595 1324 617 eorum
1351 584 1424 615 uita
1449 583 1548 615 nulla

138 654 191 681 est
215 649 444 691 intercapedo
472 650 667 682 molestiae.
715 650 822 691 igitur
850 661 965 693 neque
992 650 1178 682 stultorum
1207 649 1393 692 quisquam
1420 648 1546 679 beatus

137 723 253 756 neque
287 714 485 756 sapientum
519 725 589 746 non
624 715 749 746 beatus
777 740 897 747 .....
950 715 1000 745 510
1033 715 1125 746 enim
1150 714 1194 745 ab
1221 713 1376 756 Epicuro
1404 711 1547 754 sapiens

138 788 275 822 semper
299 778 426 810 beatus
451 778 644 811 inducitur:
681 778 796 810 finitas
824 778 929 810 habet
955 779 1179 821 cupiditates,
1206 776 1361 817 neclegit
1388 783 1547 813 mortem,

138 843 182 874 de
209 843 265 874 dis
293 843 538 874 inmortalibus
567 843 642 875 sine
673 843 749 874 ullo
777 849 870 875 metu
898 853 982 874 uera
1008 844 1124 881 sentit,
1160 853 1230 874 non
1258 841 1409 880 dubitat,
1443 841 1473 872 si
1501 842 1548 872 ita

137 908 265 939 melius
294 907 349 945 sit,
377 907 527 947 migrare
556 908 599 938 de
626 908 708 939 uita.
742 907 798 939 his
826 908 933 939 rebus
960 907 1152 939 instructus
1181 917 1319 949 semper
1346 911 1399 937 est
1426 906 1460 936 in
1488 916 1549 937 110-

137 973 283 1014 luptate.
334 982 450 1015 neque
481 972 572 1003 enim
604 980 742 1014 tempus
776 978 827 1003 est
860 971 984 1010 ullum,
1023 983 1092 1014 quo
1121 982 1193 1003 non
1217 971 1298 1014 plus
1324 970 1548 1012 uoluptatum

136 1035 266 1068 habeat
293 1047 397 1079 quam
424 1037 603 1069 dolorum.
630 1047 709 1068 nam
737 1043 771 1068 et
797 1037 989 1080 praeterita
1015 1043 1112 1077 grate
1139 1035 1295 1068 meminit
1322 1042 1356 1066 et
1385 1045 1549 1077 praesen-

136 1101 232 1133 tibus
261 1100 310 1134 ita
335 1100 482 1144 potitur,
512 1105 549 1131 ut
577 1101 832 1132 animaduertat
859 1106 990 1142 quanta
1017 1101 1086 1132 sint
1113 1111 1154 1132 ea
1179 1110 1355 1143 quamque
1381 1099 1547 1137 iucunda,

136 1176 252 1207 neque
279 1165 413 1207 pendet
438 1175 478 1196 ex
506 1164 632 1197 suturis
662 1165 725 1196 sed
751 1170 934 1207 exspectat
959 1164 1036 1203 illa,
1063 1164 1189 1196 fruitur
1214 1164 1475 1207 praesentibus,
1503 1163 1547 1195 ab

135 1229 252 1273 iisque
280 1229 389 1268 uitiis,
416 1240 507 1272 quae
525 1230 633 1272 paulo
663 1236 742 1262 ante
769 1230 924 1270 conlegi,
953 1230 1052 1261 abest
1071 1229 1272 1272 plurimum,
1300 1234 1333 1260 et
1360 1238 1435 1260 cum
1465 1228 1549 1260 stul-

136 1299 250 1327 torum
276 1294 385 1327 uitam
411 1304 489 1326 cum
516 1304 579 1326 sua
606 1300 785 1336 conparat,
814 1304 941 1334 magna
967 1294 1129 1326 adficitur
1154 1293 1350 1335 uoluptate.
1403 1292 1548 1324 dolores

136 1365 253 1391 autem
281 1359 309 1391 si
336 1359 397 1402 qui
423 1358 616 1397 incurrunt,
656 1369 844 1401 numquam
870 1360 940 1390 uim
967 1365 1097 1391 tantam
1125 1358 1269 1395 habent,
1305 1362 1341 1389 ut
1369 1368 1440 1389 11011
1466 1356 1548 1400 plus

135 1423 266 1456 habeat
292 1423 433 1467 sapiens
463 1423 561 1466 quod
587 1424 740 1464 gaudeat
768 1434 872 1466 quarn
899 1423 996 1465 quod
1024 1422 1199 1464 angatur'.

183 1517 251 1549 DE
276 1516 451 1549 SVMMO
478 1516 614 1549 BONO
639 1516 702 1548 ET
733 1516 876 1549 MALO

256 1580 504 1614 Avovsrmvs
522 1586 645 1613 contra
664 1581 886 1613 academicos
903 1588 946 1613 111
965 1580 1009 1615 16
1026 1586 1049 1613 t.
1064 1588 1077 1613 1
1097 1591 1129 1624 p.
1148 1579 1318 1622 281b(ed.
1331 1580 1420 1613 Ven.
1441 1579 1548 1622 1719)

135 1643 241 1684 ‘ergo
261 1644 357 1676 Zeno
384 1642 445 1675 uel
464 1643 685 1687 Chrysippus
714 1644 743 1675 si
769 1643 1018 1685 interrogetur,
1045 1643 1126 1686 quis
1155 1644 1200 1676 sit
1225 1645 1379 1687 sapiens,
1405 1654 1550 1687 respon·

136 1708 236 1740 debit
268 1717 347 1740 eum
381 1718 460 1740 esse
494 1718 599 1751 quem
631 1708 709 1751 ipse
743 1708 982 1752 descripserit.
1034 1713 1156 1741 contra
1181 1709 1356 1757 Epicurus
1383 1708 1442 1740 uel
1470 1708 1550 1751 quis

135 1771 228 1805 alins
254 1772 541 1805 aduersariorum
569 1773 714 1814 negabit
745 1783 917 1816 suumque
950 1773 1070 1816 potius
1104 1772 1357 1816 peritissimum
1387 1773 1550 1817 uolupta-

135 1836 180 1869 tis
201 1847 373 1880 aucupem
392 1838 588 1880 sapientem
615 1848 694 1870 esse
721 1838 923 1870 contendet.
950 1833 1035 1869 inde
1054 1837 1098 1870 ad
1116 1837 1279 1879 iurgium.
1306 1838 1435 1870 clamat
1452 1839 1548 1872 Zeno

136 1906 172 1933 et
197 1905 271 1934 tota
295 1901 360 1934 illa
386 1902 545 1945 porticus
571 1901 816 1939 tumultuatur,
845 1901 1025 1934 hominem
1043 1906 1161 1934 natum
1180 1902 1224 1934 ad
1244 1902 1332 1934 nihil
1352 1912 1432 1935 esse
1450 1902 1549 1935 aliud

135 1975 241 2008 quarn
269 1966 506 2004 honestatem,
531 1966 646 2008 ipsam
672 1975 737 1997 5110
765 1964 959 2008 splendore
986 1963 1023 1997 in
1049 1974 1087 1996 se
1113 1965 1249 1997 animos
1276 1965 1419 2002 ducere.
1447 1965 1548 1998 nullo

134 2041 279 2074 prorsus
309 2030 499 2063 commodo
528 2030 747 2062 extrinsecus
775 2021 897 2073 posito
927 2034 963 2061 et
988 2029 1091 2072 quasi
1120 2028 1346 2062 lenocinante
1371 2031 1548 2068 mercede,

134 2093 429 2139 uoluptatemque
459 2094 560 2127 illam
586 2094 733 2138 Epicuri
765 2094 853 2127 solis
885 2094 976 2126 inter
1002 2104 1038 2126 se
1064 2094 1256 2138 pecoribus
1290 2105 1369 2126 esse
1397 2105 1550 2128 commu·

135 2170 235 2194 nem:
262 2159 299 2193 in
323 2170 473 2204 quorum
500 2159 707 2193 societatem
736 2165 770 2192 et
794 2159 976 2192 hominem
1002 2164 1036 2191 et
1061 2159 1257 2202 sapientem
1283 2160 1426 2192 trudere
1450 2160 1550 2192 nefas

255 2276 278 2309 2
305 2281 341 2309 et
363 2278 483 2309 omnia
509 2276 651 2308 Nonius
677 2286 711 2319 p.
732 2275 802 2310 345
828 2286 862 2308 u.
889 2275 1112 2309 ‘minutum²:
1140 2281 1207 2308 aut
1228 2274 1289 2319 (ut
1311 2275 1403 2319 Erl.)
1429 2278 1548 2309 omnia

134 2333 219 2367 libri
254 2335 260 2376 Ι
294 2335 315 2367 3
342 2337 569 2368 monstruosi
583 2335 725 2367 Nouius
744 2339 782 2367 ut
799 2339 948 2368 testatur
965 2334 1146 2378 exemplar
1163 2334 1346 2368 Ciceronis
1372 2334 1419 2368 de
1437 2334 1547 2368 dinin.

134 2401 161 2427 u
189 2393 247 2432 32,
265 2394 311 2428 69
339 2399 375 2426 et
399 2394 457 2432 71,
479 2394 546 2428 146
581 2392 743 2438 Appulei
770 2399 908 2426 metam.
937 2400 964 2425 v
985 2393 1028 2428 16
1053 2400 1107 2426 vn
1125 2394 1158 2428 9.
1177 2393 1223 2428 22
1249 2402 1276 2427 x
1298 2395 1339 2428 15
1368 2394 1548 2438 ceterique

136 2452 207 2485 nisi
232 2452 339 2485 fallor
364 2463 487 2485 ornnes
512 2457 654 2496 praeter
670 2453 854 2485 Lucanum
872 2452 1079 2485 Petronium
1097 2452 1327 2485 Suetonium:
1354 2454 1553 2485 monstrosi

134 2511 205 2544 hoc
221 2512 304 2544 loco
323 2511 406 2544 libri
432 2512 569 2544 morosi
579 2511 788 2545 Lambinus.
816 2510 908 2543 illud
922 2511 1107 2544 Hirzelius
1125 2511 1213 2544 scite
1230 2511 1392 2545 defendit
1409 2516 1549 2545 unters.

134 2578 162 2604 11
187 2582 222 2614 p.
241 2570 311 2604 682
326 2581 416 2615 sqq„
455 2570 526 2603 nisi
551 2570 650 2614 quod
683 2569 728 2603 de
754 2579 846 2602 uoce
872 2580 1000 2611 graeca
1031 2569 1158 2602 dubito
1184 2577 1326 2604 rectene
1357 2569 1510 2602 senserit
1545 2567 1552 2614 Ι

139 2630 180 2663 14
207 2630 252 2664 cr.
271 2630 337 2674 Ep.
356 2640 411 2673 ep.
430 2637 475 2663 111
498 2628 564 2662 127
582 2639 617 2672 p.
633 2628 690 2666 62,
705 2629 728 2662 4
754 2628 794 2662 fr.
811 2627 883 2662 490
915 2628 931 2671 ΙΙ
964 2628 1006 2662 21
1028 2628 1186 2671 lepidam
1206 2639 1367 2663 scaenam
1387 2628 1548 2661 Ciceroni

135 2687 246 2721 debet
266 2690 374 2731 Aug„
398 2694 438 2722 nt
454 2689 533 2732 ipse
551 2688 659 2721 tradit
684 2699 718 2731 p.
738 2687 826 2721 281⁶
847 2688 854 2730 l
876 2689 1158 2729 interrogentur
1178 2687 1234 2721 ed.
1249 2687 1340 2721 Ven.
1377 2686 1383 2730 Ι
1418 2686 1464 2720 28
1489 2696 1550 2730 pe·

135 2746 292 2792 eoi-ibus]
319 2747 364 2782 cf.
389 2748 471 2782 adn.
495 2758 530 2792 p.
548 2746 632 2786 2⁷4,
650 2746 696 2780 23

1239 2811 1284 2846 18

1595 718 1651 742 ,19
