1842 3250
672 81 697 114 C
702 79 899 112 APITVM
930 78 1133 112 TABVLA
1535 72 1608 108 448

717 193 761 227 17
787 191 881 234 πρὸς
907 189 1095 233 Θεμίσταν
1154 218 1460 225 ......
1489 202 1522 234 p.
1540 189 1610 224 140

717 251 761 285 18
789 252 882 294 πρὸς
906 247 1096 291 Ἰδομενέα
1156 277 1162 283 .
1215 277 1222 283 .
1276 277 1281 283 .
1357 248 1433 284 141.
1460 248 1542 291 345,
1562 247 1610 282 30

720 310 762 344 19
790 309 886 352 πρὸς
913 309 1102 352 Κράτερον
1155 334 1461 342 ......
1538 305 1607 341 144

718 369 764 403 ‘20
789 368 884 412 πρὸς
910 367 1099 411 Κωλώτην
1155 395 1162 401 .
1217 395 1221 400 .
1276 395 1282 401 ,
1356 366 1432 399 144.
1486 364 1566 406 346,
1591 365 1607 398 1

718 428 760 462 21
791 429 885 471 πρὸς
910 428 1088 462 Λεόντιον
1158 451 1465 460 ......
1544 422 1610 457 146

719 486 765 521 22
790 486 886 530 πρὸς
913 486 1177 530 Μητρόδωρον
1217 511 1465 519 .....
1544 481 1611 517 147

719 545 765 579 23
791 545 886 588 πρὸς
912 545 1061 588 Μιθρῆν
1097 570 1467 579 .......
1569 559 1610 566 -·

718 604 765 638 24
791 605 885 647 πρὸς
910 604 996 638 Μῦν
1038 631 1045 637 .
1078 600 1081 601 ’
1098 629 1465 637 .......
1546 600 1612 635 148

720 664 764 698 25
791 666 886 707 πρὸς
911 663 1130 698 Πολύαινον
1158 688 1465 697 ......
1544 659 1611 693 149

719 723 764 757 26
791 722 884 766 πρὸς
910 722 1114 757 Πυθοκλέα
1157 749 1164 755 .
1217 749 1223 754 .
1277 748 1284 755 .
1365 720 1441 755 150.
1468 718 1550 762 346,
1571 718 1615 753 15

723 781 768 816 27
797 783 889 825 πρὸς
915 781 1132 825 Τιμοκράτη
1162 806 1468 814 ......
1550 777 1613 812 151

723 841 769 876 28
796 841 890 884 πρὸς
916 841 1108 884 Φύρσωνα
1161 865 1468 873 ......
1570 853 1614 859 ——

724 898 770 933 29
797 899 892 942 πρὸς
917 898 1110 943 Χαρμίδην
1162 925 1470 933 ......
1572 914 1615 920 -

351 963 520 1005 epistulae
545 964 589 996 ad
615 964 769 997 incertos
797 964 896 996 datae
925 989 1471 998 ..........
1549 960 1617 995 152

725 1028 772 1062 30
799 1030 882 1072 περὶ
909 1029 1220 1071 ἐπιτηδευμάτων
1286 1056 1292 1062 .
1345 1055 1353 1062 .
1406 1055 1411 1062 .
1466 1054 1472 1061 .
1572 1045 1615 1050 -

725 1088 766 1122 31
798 1089 842 1120 de
866 1089 1029 1132 ‘Stilpone
1045 1113 1472 1121 ........
1551 1083 1619 1119 153

723 1147 771 1181 32
798 1148 842 1179 ad
867 1158 1015 1191 puerum
1041 1148 1100 1179 uel
1128 1147 1285 1190 puellam
1345 1173 1352 1179 .
1405 1173 1411 1179 .
1465 1172 1472 1178 .
1550 1143 1619 1178 154

723 1206 771 1241 33
798 1206 949 1249 epistula
974 1216 1214 1248 supremorum
1249 1206 1383 1238 dierum
1407 1232 1413 1238 .
1466 1231 1472 1237 .
1575 1222 1617 1228 -

353 1273 561 1304 incertarum
599 1271 827 1316 epistuiamm
864 1271 1056 1313 fragmenta
1107 1296 1473 1304 .......
1551 1267 1619 1302 155

749 1336 893 1378 Epicuri
920 1336 962 1369 de.
988 1336 1094 1368 rebus
1120 1336 1190 1368 suis
1216 1337 1308 1368 dicta
1367 1334 1444 1370 155.
1472 1333 1553 1376 346,
1573 1333 1618 1367 ‘23

754 1396 799 1427 de
826 1395 1009 1438 discipulis
1036 1395 1181 1438 Epicuri
1226 1421 1472 1428 .....
1552 1391 1619 1426 159

755 1455 947 1487 sententiae
989 1479 1476 1488 .........
1555 1451 1623 1486 160

351 1531 420 1563 LII
471 1530 645 1573 Διαθήκη
691 1555 1477 1564 ..............
1554 1527 1624 1561 165

359 1609 542 1646 Incertae
560 1608 671 1645 sedis
690 1608 917 1658 fragmenta
939 1608 1262 1658 opinionumque
1286 1606 1523 1645 testimonia
1550 1608 1619 1644 169

478 1689 494 1721 1
555 1681 852 1730 Prolegomena
882 1681 1167 1730 philosophiae

545 1752 588 1784 de
623 1752 797 1795 sapientia
824 1757 858 1784 et
895 1753 1052 1795 sapiente
1579 1769 1623 1776 -·

543 1811 588 1842 de
617 1811 750 1842 artibus
809 1837 1480 1844 ............
1557 1810 1626 1845 170

544 1870 588 1902 de
615 1870 841 1913 philosophis
873 1897 1479 1904 ...........
1558 1869 1626 1904 173

479 1944 515 1975 11
575 1936 787 1974 Canonica
815 1966 1302 1974 .........
1357 1939 1435 1974 177.
1481 1938 1562 1981 348,
1582 1939 1627 1974 16

549 2008 592 2040 de
619 2007 742 2040 iudicii
770 2007 902 2040 normis
932 2031 1481 2041 ..........
1559 2003 1627 2038 179

615 2067 631 2100 1
661 2067 705 2098 de
737 2077 841 2099 sensu
873 2091 1481 2100 ...........
1583 2082 1626 2088 -—

611 2124 632 2158 2
661 2125 706 2157 de
732 2126 965 2168 praenotione
993 2129 1027 2158 et
1059 2124 1208 2157 uocibus
1235 2150 1482 2157 .....
1559 2122 1628 2156 187

612 2183 633 2216 3
659 2184 705 2216 de
732 2184 874 2217 adfectu
915 2189 925 2198 ⁴
936 2209 1482 2218 ..........
1560 2180 1630 2215 190

546 2243 591 2275 de
618 2243 801 2275 notatione
874 2266 1482 2277 ...........
1584 2257 1628 2264 -

545 2303 590 2334 de
618 2302 856 2345 disputatione
874 2328 1182 2335 ......
1233 2319 1244 2325 -
1297 2327 1303 2334 .
1357 2326 1364 2334 .
1420 2328 1423 2331 .
1477 2325 1484 2332 .
1585 2315 1628 2322 -——

477 2375 532 2408 111
555 2367 730 2418 Physica
755 2395 1483 2406 .............
1561 2367 1628 2402 191

547 2439 592 2471 de
620 2439 746 2471 atomis
817 2461 1485 2471 ............
1585 2451 1631 2458 -

550 2498 594 2530 de
620 2497 715 2530 inani
753 2521 1182 2531 ........
1235 2504 1241 2510 ’
1297 2521 1303 2527 .
1356 2520 1363 2527 .
1418 2520 1424 2527 .
1478 2520 1484 2526 .
1561 2491 1631 2527 192

549 2557 594 2590 de
622 2557 830 2600 corporibus
865 2564 1027 2600 quaeque
1051 2555 1104 2586 eis
1130 2554 1295 2587 accidunt
1357 2579 1364 2586 .
1418 2578 1424 2584 .
1478 2578 1485 2585 .
1563 2549 1633 2585 195

550 2617 594 2649 de
620 2620 716 2650 motu
755 2637 1487 2650 .............
1562 2610 1632 2646 196
