1846 3288
71 418 117 452 48

101 642 117 668 ὃ

87 1009 119 1034 10

70 1288 116 1322 49

87 1369 117 1395 15

628 219 873 259 EPISTVLA
902 219 1070 254 PRIMA
1515 222 1530 253 1
1541 220 1554 252 1

142 338 276 389 μηθὲν
314 336 584 379 ἀντικόπτειν
625 336 649 386 ἢ
686 335 812 385 ὀλίγα
853 334 1137 387 ἀντικόπτειν,
1182 337 1365 388 πολλαῖς
1403 337 1450 379 δὲ
1493 334 1561 378 καὶ

141 410 335 462 ἀπείροις
359 410 487 460 εὐθὺς
510 408 781 451 ἀντικόπτειν
803 423 851 451 τι.
922 409 1033 461 πρός
1063 422 1109 451 τε
1141 409 1325 460 τούτοις,
1357 408 1423 451 ὅτι
1443 410 1470 460 ἡ
1492 409 1560 459 γέ-

139 493 262 534 νεσις
291 484 379 524 τῶν
412 481 605 524 εἰδώλων
637 481 725 533 ἅμα
746 482 929 532 νοήματι
949 482 1185 534 συμβαίνει.
1217 483 1285 523 καὶ
1307 483 1389 533 γὰρ
1411 482 1560 534 ῥεῦσις

140 552 228 596 ἀπὸ
258 555 346 595 τῶν
382 552 601 603 σωμάτων
638 554 715 594 τοῦ
748 553 956 604 ἐπιπολῆς
991 554 1194 605 συνεχής,
1240 555 1319 597 οὐκ
1356 555 1560 606 ἐπίδηλος

139 629 213 680 τῇἸ
232 625 408 676 μειώσει
448 626 518 667 διὰ
558 625 635 674 τὴν
677 624 1083 677 ἀνταναπλήρωσιν,
1128 629 1339 681 σώζουσα
1375 628 1454 678 τὴν
1490 627 1559 670 ἐπὶ

140 701 218 741 τοῦ
255 698 511 750 στερεμνίου
550 698 673 739 θέσιν
713 698 781 739 καὶ
818 698 936 740 τάξιν
973 701 1061 740 τῶν
1099 699 1276 751 ἀτόμων
1314 700 1382 742 ἐπὶ
1418 701 1559 743 πολὺν

140 771 313 823 χρόνον,
344 770 381 812 εἰ
412 770 481 812 καὶ
512 771 650 812 ἐνίοτε
682 772 956 822 συγχεομένη
988 771 1180 823 ὑπάρχει,
1219 773 1288 815 καὶ
1317 773 1558 824 συστάσεις

141 844 188 887 ἑν
224 847 286 899 τῷ
322 844 564 895 περιέχοντι
603 843 735 885 ὀξεῖαι
774 844 844 885 διὰ
880 845 930 886 τὸ
974 844 1028 895 μή
1070 847 1160 887 δεῖν
1198 846 1307 887 κατὰ
1344 845 1479 897 βάθος
1510 847 1560 887 τὸ

140 916 443 968 συμπλήρωμα
473 916 680 966 γίνεσθαι,
712 916 781 957 καὶ
813 915 935 957 ἄλλοι
965 917 1012 958 δὲ
1043 917 1197 968 τρόποι
1228 919 1341 969 τινὲς
1369 931 1558 969 γεννητι·

141 990 209 1032 κοί
229 990 318 1031 τῶν
338 987 552 1031 τοιούτων
583 987 768 1041 φύσεων
798 987 920 1030 εἰσιν.
970 988 1103 1031 οὐθὲν
1133 990 1216 1041 γὰρ
1246 989 1415 1032 τούτων
1447 989 1559 1032 ἀντι-

142 1063 416 1114 μαρτυρεῖται
452 1063 546 1113 ταῑς
585 1060 856 1112 αἰσθήσεσιν,
902 1061 956 1103 ἂν
995 1063 1128 1117 βλέπῃ
1166 1063 1230 1115 τίς
1269 1077 1363 1105 τινα
1394 1064 1559 1116 τρόπον

141 1136 221 1187 τὰς
251 1134 490 1187 ἐναργείας,
523 1134 617 1176 τίνα
648 1133 717 1175 καὶ
748 1134 826 1185 τὰς
857 1135 1129 1186 συμπαθείας
1160 1134 1247 1177 ἀπὸ
1278 1138 1366 1178 τῶν
1398 1136 1560 1179 ἔξωθεν

140 1208 251 1260 πρὸς
280 1207 394 1259 ἡμᾶς
425 1207 603 1249 ἀνοίσει.

254 1281 338 1324 Δεῖ
366 1282 414 1323 δὲ
445 1281 515 1322 καὶ
545 1280 744 1331 νομίζειν,
776 1280 1049 1332 ἐπεισιόντος
1079 1282 1199 1332 τινὸς
1229 1281 1316 1323 ἀπὸ
1347 1283 1435 1323 τῶν
1457 1281 1560 1323 ἔξω,

141 1357 218 1396 θεν
246 1353 325 1404 τὰς
363 1353 537 1405 μορφὰς
575 1352 685 1404 ὁρᾶν
722 1351 835 1403 ἡμᾶς
867 1352 935 1394 καὶ
972 1354 1258 1395 διανοεῖσθαι’
1310 1353 1361 1395 οὐ
1393 1354 1476 1404 γὰρ
1507 1353 1561 1396 ἂν

141 1426 576 1478 ἐναποσφραγίσαιτο
608 1426 662 1467 τὰ
693 1425 776 1468 ἔξω
807 1426 885 1476 τὴν
918 1425 1087 1467 ἑαυτῶν
1118 1426 1254 1478 φύσιν
1283 1429 1360 1468 τοῦ
1383 1440 1428 1468 τε
1452 1427 1559 1478 χρώ-

141 1513 277 1551 ματος
314 1499 383 1541 καὶ
419 1501 496 1550 τῆς
535 1500 707 1550 μορφῆς
745 1497 815 1540 διὰ
854 1501 932 1540 τοῦ
972 1498 1104 1550 ἀέρος
1140 1501 1218 1541 τοῦ
1250 1499 1408 1549 μεταξὺ
1438 1499 1560 1550 ἡμῶν

141 1586 188 1614 τε
222 1571 432 1614 κάκείνων
464 1571 567 1613 οὐδὲ
599 1572 668 1613 διὰ
699 1573 829 1612 τινῶν
862 1570 1047 1613 ἀκτίνων
1067 1572 1093 1622 ἢ
1117 1559 1224 1613 οἵων
1253 1572 1303 1621 δή
1335 1585 1442 1614 ποτε
1465 1572 1559 1625 ῥευ-

143 1644 290 1695 μάτων
323 1644 398 1696 ἀφ’
429 1644 552 1696 ἡμῶν
584 1645 694 1695 πρὸς
725 1644 868 1686 ἐκεῖνα
905 1644 1267 1695 παραγινομένων
1298 1644 1453 1697 οὕτως,
1499 1645 1561 1697 ὡς

142 1716 290 1759 τύπων
321 1718 451 1758 τινῶν
482 1716 768 1758 ἐπεισιόντων
798 1716 897 1768 ἡμῖν
928 1716 1015 1758 ἀπὸ
1046 1718 1134 1759 τῶν
1165 1716 1431 1769 πραγμάτων
1459 1718 1561 1768 ὁμο-

266 1870 282 1902 1
304 1868 421 1911 μηδὲν
440 1868 472 1900 G
493 1866 499 1913 Ι
521 1867 545 1910 ἢ
572 1866 680 1909 ὀλίγα
706 1867 824 1902 ἀντικ.
852 1877 909 1900 om
928 1867 992 1900 BG
1029 1866 1045 1910 ΙΙ
1079 1867 1100 1900 3
1118 1866 1292 1910 νοήματα
1316 1868 1348 1901 G
1380 1868 1397 1912 ss
1430 1870 1452 1902 4
1470 1869 1562 1914 τῶν]

141 1928 211 1969 τῆς
235 1925 323 1972 (om.
347 1925 435 1972 τοῦ)
461 1928 478 1959 f
496 1927 502 1969 Ι
525 1927 707 1969 ἐπιπολῆς
736 1928 764 1960 f:
801 1927 861 1961 ἐπὶ
887 1928 1030 1967 πολλῆς
1056 1927 1140 1959 libri
1166 1927 1231 1958 sed
1257 1927 1463 1970 ἐπιπολλῆς
1486 1928 1534 1961 1³²
1557 1927 1565 1974 1

143 1987 305 2029 συνεχής
317 1996 377 2028 mg
389 1986 457 2018 1²²:
475 1987 640 2028 συνοχῆς
659 1985 743 2019 libri
770 1988 912 2029 συνοχῇ
932 1986 948 2017 f
966 1986 973 2025 1
988 1986 1065 2033 ,οὐκ
1084 1984 1261 2029 ἐπίδηλος
1278 1997 1336 2019 om
1355 1987 1404 2019 Fs
1429 1987 1446 2028 ΙΙ
1474 1988 1494 2021 5
1512 1991 1560 2032 τῇ

144 2045 311 2089 μειώσει]
337 2045 543 2088 σημειώσει
566 2045 735 2087 BGHPQ
761 2046 785 2087 ἢ
811 2044 962 2086 μειώσει
982 2045 1030 2076 Ff
1051 2055 1111 2086 mg
1127 2045 1174 2077 Ρ2
1195 2043 1202 2087 Ι
1224 2043 1495 2088 ἀναπλήρωσιν
1520 2046 1536 2079 f
1558 2046 1564 2090 Ι

144 2104 271 2140 σώζου
299 2104 371 2147 τὴν
393 2103 474 2146 P²Q
508 2102 524 2147 ΙΙ
559 2105 579 2138 7
607 2104 767 2148 ὑπάρχει
786 2115 855 2136 om.
883 2103 1027 2147 supplet
1044 2114 1103 2145 mg
1119 2105 1156 2137 H
1187 2100 1209 2151 ss
1239 2105 1261 2139 9
1285 2105 1477 2147 γενητικοὶ
1495 2105 1526 2138 F
1551 2103 1564 2147 Η

147 2164 192 2197 10
209 2162 297 2198 εἰσὶ·
315 2163 346 2195 F
367 2161 373 2208 Ι
396 2162 661 2206 ἀντιμαρτυρεῖ
680 2163 871 2205 BGHPQs
893 2165 1071 2205 μαρτυρεῖ
1089 2163 1138 2195 F:
1165 2172 1256 2197 corr.
1275 2163 1380 2196 etiam
1399 2164 1446 2197 H.
1462 2163 1563 2197 Wei-

144 2222 215 2255 lius
248 2221 264 2266 11
302 2223 339 2256 11
371 2222 561 2265 βλέπουσα
587 2221 642 2263 τίς
668 2223 698 2255 F
733 2221 748 2265 ΙΙ
785 2222 828 2256 12
856 2220 1047 2264 ἐνεργείας
1073 2221 1176 2254 libri:
1202 2233 1294 2255 corr.
1325 2223 1534 2256 Gassendus
1559 2222 1564 2264 Ι

144 2281 242 2326 τίνα]
268 2281 331 2316 ἵνα
356 2281 441 2314 libri
465 2283 472 2324 1
493 2281 695 2325 συνηθείας
714 2283 731 2314 s
759 2282 774 2325 Η
812 2282 853 2315 13
873 2280 1017 2316 ἀνοίσει
1034 2282 1081 2315 Β;
1109 2281 1244 2327 ἀνοίση
1263 2282 1397 2327 FHPQ
1424 2282 1561 2322 ἄνεισιε

145 2341 176 2374 G
202 2339 336 2383 ἀνοίσῃ
356 2366 363 2373 .
382 2339 416 2375 εί
442 2340 589 2384 (omisso
617 2342 734 2374 statim
762 2341 818 2384 δὲ)
845 2342 862 2373 f
898 2340 913 2384 11
960 2340 1002 2374 14
1029 2340 1244 2381 ἑπισιόντος
1271 2341 1299 2373 F
1338 2340 1564 2382 ἐπιστάντος

143 2400 208 2432 BG
229 2399 236 2440 Ι
258 2400 329 2434 ἔξω
356 2400 385 2432 F
425 2399 442 2443 ΙΙ
486 2400 530 2434 15
555 2401 616 2435 ml
642 2411 701 2432 om
726 2401 756 2431 F
792 2399 798 2441 1
833 2400 906 2443 γὰρ
934 2400 958 2433 ἃ
985 2400 1053 2441 μὲν
1078 2399 1167 2443 (γὰρ
1196 2399 1243 2433 ἂν
1271 2400 1336 2443 Gs)
1363 2399 1562 2443 ἀποσφρα-

144 2457 293 2500 γίσαιτο
320 2458 420 2491 libri:
449 2469 515 2492 em.
533 2459 692 2497 Cobetus
725 2458 742 2501 1}
777 2458 821 2492 16
846 2458 961 2501 φύσι-
983 2459 1013 2490 Β
1048 2459 1064 2502 ss
1100 2456 1143 2491 17
1171 2457 1248 2502 διὰ]
1274 2459 1335 2494 καὶ
1361 2459 1378 2491 s·
1399 2469 1456 2491 om
1475 2457 1527 2501 (2¹
1551 2457 1563 2503 Η

148 2515 191 2549 18
216 2525 258 2550 τε
285 2514 441 2550 ἐκείνων
466 2516 519 2547 H¹
543 2517 549 2559 Ι
572 2515 677 2561 οὐδὲ]
706 2517 794 2551 οὒτε
821 2517 852 2549 Β
873 2518 878 2558 1
906 2515 1039 2560 τινῶν]
1065 2518 1144 2550 uim
1170 2516 1255 2549 libri
1284 2518 1290 2559 Ι
1320 2516 1562 2560 οίωνδήποτε

144 2573 248 2606 HP²f
270 2572 353 2608 οἷον
380 2574 523 2617 δήποτε
548 2575 594 2608 F:
627 2575 683 2609 ὧν
709 2575 853 2618 δήποτε
878 2576 1026 2617 BGP¹Q
1067 2574 1083 2620 ss
1129 2576 1170 2609 19
1197 2574 1344 2614 ἐκείνου
1371 2586 1412 2608 ex
1438 2576 1561 2612 ἐκεῖνα

144 2642 223 2664 corr
247 2632 278 2664 F
315 2634 320 2675 Ι
358 2634 679 2676 παραγενομένων
712 2635 807 2667 BFG
847 2631 866 2679 n
907 2634 953 2667 20
984 2632 1245 2678 ἑπισ[ι]ὁντων
1278 2645 1357 2666 cum
1390 2635 1498 2667 litura
1531 2637 1560 2668 F

145 2691 392 2725 ἑπισειόντων
420 2691 452 2724 G
490 2693 495 2734 1
533 2691 655 2736 ἡμων
680 2694 709 2724 Β
749 2692 755 2735 l
792 2692 993 2736 ὁμοχρόων
1028 2693 1187 2726 Rossius
1214 2698 1419 2728 commentt.
1445 2694 1563 2729 Laert.

144 2760 179 2794 p.
197 2748 285 2783 274:
312 2749 388 2784 ἀπὸ
414 2753 539 2795 χροῶν
565 2751 649 2786 libri
