1842 3250
271 233 341 266 236
751 234 955 266 EPICVRI
980 233 1198 266 PHYSICA
1539 235 1579 268 fr.
1607 235 1676 268 352

169 364 194 381 c.
214 357 246 380 20
271 347 529 391 uoluptatibus,
578 348 671 379 hunc
698 349 802 380 deum
833 348 897 379 rite
924 348 1066 379 beatum
1093 349 1294 387 dixerimus,
1335 355 1489 381 uestrum
1516 361 1601 382 uero
1631 350 1680 382 la·
1702 356 1763 388 (52)

272 411 567 444 boriosissimum.
620 411 695 444 siue
723 413 815 444 enim
842 413 919 455 ipse
947 413 1098 444 mundus
1129 413 1218 445 deus
1246 418 1310 451 est,
1343 413 1428 455 quid
1455 419 1575 456 potest
1600 425 1679 447 esse

270 476 384 507 minus
404 476 562 517 quietum
587 486 693 519 quam
719 476 819 508 nullo
846 481 977 518 puncto
1005 476 1175 519 temporis
1202 476 1403 509 intermisso
1431 478 1564 510 uersari
1587 479 1680 511 circa

272 550 371 572 axem
397 540 488 571 caeli
516 539 718 572 admirabili
744 539 947 573 celeritate?
997 540 1066 572 nisi
1096 541 1252 583 quietum
1281 546 1396 573 autem
1422 542 1512 574 nihil
1538 543 1679 575 beatum

272 608 337 637 est.
362 604 439 636 siue
465 604 500 635 in
527 604 607 647 ipso
631 605 765 637 mundo
793 605 880 636 deus
908 605 1002 636 inest
1028 604 1158 647 aliquis
1184 606 1246 648 qui
1273 611 1380 647 regat,
1408 607 1468 649 qui
1493 607 1680 647 gubernet.
1703 613 1719 639 5

272 668 333 711 qui
360 678 482 700 cursus
509 673 695 706 astrorum,
721 669 936 700 mutationes
961 674 1170 712 temporum,
1195 679 1310 701 rerum
1335 670 1602 703 uicissitudines
1628 682 1680 704 or-

272 732 444 776 dinesque
472 738 671 774 conseruet,
699 738 808 765 terras
830 738 862 766 et
885 734 993 766 maria
1018 734 1262 776 contemplans
1286 735 1470 767 hominum
1496 737 1682 770 commoda

270 797 433 840 uitasque
450 801 600 836 tueatur,
626 808 670 829 ne
696 798 760 829 ille
787 803 840 830 est
864 798 1055 841 inplicatus
1079 799 1241 831 molestis
1268 799 1424 840 negotiis
1447 804 1482 831 et
1506 801 1680 843 operosis.

271 873 336 894 nos
369 867 484 894 autem
516 863 655 895 beatam
688 863 796 894 uitam
829 863 866 894 in
901 863 1008 895 animi
1043 863 1234 895 securitate
1268 868 1303 894 et
1335 863 1372 895 in
1399 865 1554 897 omnium
1581 876 1681 898 uaca-
1703 867 1766 901 (5³)

270 927 367 960 tione
393 938 575 960 munerum
601 928 777 971 ponimus¹
1705 939 1737 965 ιο

320 993 440 1024 docuit
468 992 561 1024 enim
587 1003 652 1024 nos
678 992 772 1023 idem
799 991 861 1034 qui
889 996 1018 1029 cetera,
1056 996 1179 1024 natura
1206 992 1369 1024 effectum
1396 1003 1474 1024 esse
1500 993 1681 1033 mundum,

272 1057 361 1090 nihil
389 1068 479 1100 opus
509 1058 620 1089 fuisse
648 1057 792 1093 fabrica,
820 1062 961 1099 tamque
988 1066 1064 1088 eam
1090 1067 1162 1089 rem
1189 1067 1267 1089 esse
1294 1057 1448 1095 facilem,
1485 1068 1588 1100 quam
1615 1069 1680 1091 uos

272 1122 365 1154 effici
397 1122 534 1162 negatis
569 1122 644 1153 sine
678 1121 800 1153 diuina
834 1131 941 1163 posse
978 1120 1150 1159 sollertia,
1191 1126 1227 1152 ut
1256 1121 1525 1154 innumerabilis
1559 1127 1682 1157 natura

270 1187 421 1218 mundos
450 1187 617 1219 effectura
643 1187 699 1224 sit,
727 1186 869 1222 efficiat,
900 1185 1068 1218 effecerit.
1104 1186 1200 1229 quod
1227 1186 1311 1228 quia
1337 1197 1441 1228 quem
1468 1187 1511 1219 ad
1537 1187 1681 1219 modum

271 1256 394 1283 natura
421 1251 561 1283 efficere
589 1251 666 1282 sine
694 1250 812 1293 aliqua
836 1255 955 1282 mente
981 1251 1096 1293 possit
1122 1261 1192 1282 non
1221 1251 1364 1289 uidetis,
1391 1257 1428 1283 ut
1453 1251 1578 1293 tragici
1596 1262 1681 1295 poe·
1708 1256 1737 1281 ¹5

272 1322 338 1355 tae,
378 1326 456 1348 cum
493 1315 670 1358 explicare
707 1316 901 1355 argumenti
936 1315 1065 1346 exitum
1101 1325 1173 1346 non
1206 1316 1368 1357 potestis,
1408 1316 1600 1356 confugitis
1637 1317 1680 1348 ad

272 1381 389 1413 deum.
416 1380 515 1411 cuius
543 1390 684 1422 operam
712 1380 874 1421 profecto
902 1390 971 1411 non
1000 1379 1262 1419 desideraretis,
1293 1380 1322 1411 si
1349 1381 1543 1413 inmensam
1571 1385 1604 1413 et
1630 1381 1680 1414 in·
1703 1386 1767 1418 (54)

272 1446 491 1477 temiinatarn
524 1445 560 1476 in
595 1445 708 1476 omnis
743 1445 852 1487 partis
887 1445 1167 1484 magnitudinem
1201 1445 1385 1485 regionum
1419 1445 1602 1484 uideretis‚
1645 1446 1681 1478 in

272 1520 376 1552 quam
403 1520 440 1541 se
467 1509 617 1541 iniciens
652 1510 788 1541 animus
816 1514 850 1540 et
876 1509 1064 1540 intendens
1096 1509 1144 1540 ita
1177 1509 1248 1540 late
1275 1509 1455 1552 longeque
1481 1509 1682 1552 peregrina·

273 1580 340 1611 tur,
377 1579 415 1606 ut
446 1574 579 1606 nullam
608 1579 723 1605 tamen
757 1584 853 1605 oram
886 1574 1000 1605 ultimi
1033 1573 1165 1611 uideat,
1207 1574 1243 1604 in
1271 1584 1340 1616 qua
1365 1574 1481 1616 possit
1507 1574 1681 1606 insistere.
1703 1581 1736 1607 20

273 1640 309 1670 in
336 1639 402 1670 hac
428 1639 535 1679 igitur
559 1639 785 1670 inmensitate
816 1637 1043 1670 latitudinum
1076 1638 1340 1678 longitudinum
1374 1638 1599 1670 altitudinum
1632 1639 1682 1670 in-

274 1704 371 1735 finita
406 1704 460 1734 uis
493 1703 805 1735 innumerabilium
837 1703 966 1735 uolitat
999 1707 1204 1741 atomorum,
1245 1714 1335 1745 quae
1367 1703 1552 1735 interiecto
1586 1703 1681 1734 inani

274 1768 531 1800 cohaerescunt
562 1773 678 1800 tamen
713 1768 805 1799 inter
836 1777 875 1799 se
909 1773 944 1799 et
976 1767 1067 1799 aliae
1104 1767 1191 1799 alias
1228 1766 1536 1809 adprehendentes
1572 1767 1682 1799 conti-

274 1838 439 1865 nuantur:
479 1843 521 1864 ex
551 1843 621 1875 quo
649 1832 851 1864 efficiuntur
879 1842 939 1864 eae
967 1842 1082 1864 rerum
1109 1832 1242 1864 formae
1270 1837 1303 1863 et
1330 1831 1474 1872 figurae,
1502 1841 1589 1873 quas
1616 1841 1682 1863 uos

275 1897 367 1929 effici
396 1908 502 1940 posse
531 1897 606 1930 sine
635 1897 785 1929 follibus
812 1901 846 1929 et
872 1896 1062 1929 incudibus
1090 1907 1160 1928 non
1187 1897 1329 1939 putatis
1705 1906 1738 1932 25

322 1963 441 2004 itaque
474 1962 683 2004 inposuistis
719 1963 756 1993 in
791 1962 990 1994 ceruicibus
1028 1961 1160 1993 nostris
1200 1961 1453 2004 sempiternum
1490 1960 1682 1998 dominum,

273 2038 378 2070 quem
404 2027 481 2059 dies
507 2032 540 2058 et
567 2032 690 2059 noctes
717 2020 931 2060 timeremus.
984 2027 1063 2069 quis
1092 2027 1183 2059 enim
1208 2037 1281 2058 non
1307 2026 1428 2058 timeat
1458 2025 1576 2058 omnia
1604 2035 1683 2067 pro-

272 2092 453 2124 uidentem
487 2098 520 2124 et
554 2093 767 2133 cogitantem
801 2097 836 2124 et
868 2092 1206 2124 aunarium-tentem
1233 2097 1267 2123 et
1294 2091 1411 2123 omnia
1441 2090 1484 2122 ad
1511 2100 1550 2122 se
1574 2088 1681 2132 perti-

273 2166 355 2188 nere
380 2160 562 2198 putantem
588 2156 765 2188 curiosum
793 2161 828 2188 et
853 2156 998 2199 plenum
1023 2156 1145 2196 negoti
1172 2155 1301 2187 deum?
1327 2155 1408 2187 hinc
1436 2154 1541 2186 uobis
1568 2153 1683 2186 extitit
1705 2157 1769 2190 (55)

271 2221 422 2264 primum
447 2220 513 2252 illa
539 2220 657 2252 fatalis
685 2221 892 2258 necess-itam,
919 2231 1024 2263 quam
1050 2219 1277 2262 εἱμαρμένην
1298 2219 1428 2257 dicitis,
1455 2223 1492 2251 ut
1511 2217 1681 2261 quicquid
1705 2220 1738 2246 80

273 2285 420 2323 accidat,
460 2286 496 2316 id
529 2296 571 2318 ex
599 2290 741 2317 aeterna
774 2285 920 2317 ueritate
954 2295 1209 2327 causarumque
1242 2283 1508 2316 continuatione
1539 2282 1682 2315 fluxisse

271 2350 409 2382 dicatis.
438 2351 560 2392 quanti
587 2355 702 2382 autem
732 2350 818 2382 haec
844 2350 1078 2393 philosophia
1104 2349 1321 2381 aestimanda
1340 2354 1403 2387 est,
1431 2348 1487 2380 cni
1504 2353 1682 2390 tamquam

271 2414 420 2446 aniculis
449 2419 483 2446 et
510 2415 553 2447 iis
581 2415 724 2457 quidem
752 2415 907 2446 indoctis
935 2415 1006 2446 sato
1035 2414 1109 2446 fieri
1136 2414 1323 2446 uideantur
1351 2412 1491 2445 omnia?
1525 2411 1683 2455 sequitur

272 2479 429 2522 μαντικὴ
457 2484 585 2518 uestra,
612 2490 700 2521 quae
728 2479 838 2511 latine
865 2480 1041 2511 diuinatio
1069 2479 1206 2518 dicitur,
1240 2489 1309 2522 qua
1334 2483 1431 2510 tanta
1455 2477 1684 2509 inbueremur

273 2544 537 2587 superstitione,
566 2544 594 2575 si
624 2554 689 2576 nos
717 2544 838 2575 audire
867 2543 1054 2579 uellemus,
1083 2549 1121 2575 ut
1138 2543 1343 2586 haruspices
1371 2552 1522 2583 augures
1541 2539 1682 2578 harioli,
1705 2544 1738 2570 35

271 2612 371 2639 uates
399 2607 620 2638 coniectores
648 2607 754 2638 nobis
782 2612 900 2639 essent
930 2607 1084 2639 colendi.

393 2761 438 2795 20
465 2763 592 2794 ultima
599 2773 632 2793 m
657 2762 829 2794 Dauisius
