1846 3288
269 233 336 266 DE
359 233 604 265 FONTIBVS
630 232 940 266 PLVTARCHO
967 231 1029 266 ET
1055 230 1307 265 CICERONE
1384 229 1492 264 LXV

80 349 232 389 lumine
271 349 542 388 includendas
582 349 894 395 existimassem,
939 349 973 387 si
1017 348 1207 388 codicum
1252 347 1493 386 memoriam

80 418 287 468 cognitam
318 417 566 455 habuissem.

198 484 334 523 Minus
366 484 565 534 liquidum
596 484 649 522 de
681 483 924 522 Cicerone
955 484 1150 522 iudicium
1178 489 1250 522 est.
1306 483 1375 533 qui
1405 482 1494 520 siue

79 553 274 591 diffitetur
303 552 389 591 siue
424 551 651 602 confitetur,
689 552 798 590 omni
840 558 1025 603 tempore
1056 557 1223 590 secutus
1260 550 1492 589 Ennianum

78 620 177 658 illud

125 687 404 737 philosophari
433 691 488 724 est
515 687 614 724 mihi
642 699 799 733 necesse,
843 691 885 724 at
906 688 1060 736 paucis,
1094 699 1185 725 nam
1217 687 1367 724 omnino
1400 686 1499 723 haut

1308 755 1440 802 placet

83 828 126 861 et
156 822 467 871 degustandum
499 834 584 860 non
614 822 950 871 ingurgitandum
981 822 1057 860 sibi
1088 828 1215 869 ratus,
1246 834 1336 860 cum
1366 833 1494 859 senex

82 890 240 929 ciuibus
274 889 536 940 philosophia
568 891 814 940 explicanda
853 890 962 928 utilis
993 902 1083 928 esse
1114 890 1338 939 statuisset,
1380 894 1495 926 tanta

82 956 278 995 facilitate
303 963 346 996 et
375 958 584 996 celeritate
606 957 730 995 libros
752 957 912 1007 scripsit
935 958 1160 1008 ediditque,
1183 963 1227 995 ut
1244 957 1496 995 Graecorum

85 1025 280 1074 exemplis
311 1024 380 1062 uix
408 1024 593 1073 legendis
618 1031 796 1063 uacaret.
840 1025 1001 1063 miranti
1031 1026 1096 1063 uel
1117 1025 1253 1063 Attico
1283 1024 1498 1074 respondit

81 1092 308 1141 apographa
331 1096 433 1137 sunt,
453 1092 598 1129 minore
621 1091 754 1129 labore
765 1091 891 1140 fiunt:
920 1092 1040 1129 uerba
1063 1096 1212 1129 tansum
1233 1092 1386 1144 adsero.
1408 1093 1494 1141 qui-

82 1158 150 1196 bus
173 1159 337 1198 abundo.
383 1160 491 1197 bene
512 1159 698 1209 profecto
723 1165 861 1197 actum
885 1160 1100 1197 nobiscum
1121 1166 1245 1210 esset,
1267 1160 1300 1197 si
1321 1160 1496 1209 optimo-

84 1239 173 1265 rum
214 1227 405 1265 librorum
438 1227 505 1265 uel
537 1226 721 1265 Panaetii
761 1239 809 1264 ac
845 1227 1053 1265 Posidonii
1096 1227 1335 1277 apographa
1377 1227 1496 1265 nobis

81 1294 322 1343 reliquisset.
358 1301 401 1332 at
423 1305 532 1345 nego
555 1293 797 1348 Ciceronem
831 1306 924 1332 eum
957 1294 1080 1332 fuisse
1112 1295 1178 1344 qui
1210 1294 1497 1344 philosophum

86 1361 291 1400 Graecum
328 1363 542 1400 ueritatem
581 1363 749 1411 spinosa
779 1368 866 1400 arte
903 1368 1171 1412 exputantem
1202 1368 1244 1399 et
1273 1362 1312 1398 in
1341 1358 1498 1399 uiscera

85 1441 219 1467 rerum
241 1435 530 1479 penetrantem
562 1430 677 1479 sequi
699 1436 771 1468 aut
803 1430 927 1467 uellet
959 1436 1031 1467 aut
1051 1436 1204 1479 posset.
1253 1429 1341 1466 foro
1362 1435 1498 1467 natum

83 1502 172 1536 erat
208 1496 287 1535 hoc
325 1497 548 1546 ingenium,
593 1510 677 1534 non
722 1497 901 1536 scholae.
960 1497 1059 1547 legit
1101 1497 1166 1534 ille
1207 1498 1501 1546 protrepticum

85 1563 298 1602 Posidonii
331 1571 374 1603 et
412 1565 451 1602 in
492 1576 609 1602 usum
647 1565 872 1604 conuertit:
919 1565 1105 1602 eiusdem
1143 1564 1195 1602 de
1228 1563 1372 1602 officiis
1402 1563 1502 1602 liber

85 1643 176 1669 cum
205 1632 424 1670 adeundus
460 1639 584 1678 esset,
620 1633 674 1670 ad
706 1632 1020 1670 Athenodorum
1054 1631 1224 1669 Caluum
1255 1631 1427 1683 scripsit,
1460 1637 1504 1669 ul

83 1701 140 1736 ad
163 1711 203 1736 se
226 1696 280 1739 τὰ
309 1698 527 1749 κεφάλαια
560 1701 734 1737 mitteret
755 1700 838 1749 (ep.
861 1701 916 1737 ad
938 1701 1022 1737 Att.
1043 1706 1128 1739 xvi
1153 1702 1215 1743 11,
1233 1701 1258 1738 4
1281 1699 1332 1738 cf.
1354 1702 1417 1744 14,
1434 1698 1497 1749 4);

85 1767 208 1805 utitur
240 1768 475 1812 summario,
509 1768 720 1806 Posidonii
751 1768 894 1805 librum
927 1767 1101 1817 adponit
1129 1774 1172 1804 ut
1201 1767 1345 1804 saltem
1377 1768 1500 1818 inspi-

89 1846 182 1873 cere
225 1841 378 1885 posset.
439 1835 534 1873 uide
560 1836 647 1886 ipse
679 1848 802 1886 qnam
845 1835 968 1874 exiles
1001 1847 1051 1872 ex
1083 1834 1295 1872 Posidonii
1324 1836 1502 1885 dapibus

84 1902 216 1941 micae
248 1915 323 1952 per
350 1903 525 1953 priorem
554 1904 609 1941 de
641 1903 899 1942 diuinatione
932 1903 1075 1940 librum
1107 1908 1369 1952 spargantur;
1404 1904 1502 1941 uide

85 1965 181 2021 (sed
213 1971 342 2008 oculis
375 1978 491 2009 utere
513 1983 562 2009 ac
592 1983 727 2009 rerum
758 1969 949 2019 scientia)
981 1979 1138 2021 quanta
1169 1970 1209 2007 in
1238 1971 1425 2008 secundo
1446 1971 1500 2008 de

87 2043 234 2075 natura
269 2038 444 2076 deorum
471 2039 571 2077 libro
603 2039 861 2089 ignorantiae
892 2051 941 2077 ac
967 2038 1256 2088 neglegentiae
1277 2037 1501 2088 specimina

86 2105 261 2157 dederit,
303 2106 372 2143 ubi
411 2118 502 2144 cum
533 2106 760 2145 Stoicorum
803 2106 1056 2155 theologiam
1087 2118 1131 2144 se
1174 2106 1418 2143 adumbrare
1450 2106 1503 2142 si-

83 2173 223 2217 mulet,
275 2185 400 2211 unum
440 2180 483 2211 ut
521 2185 756 2219 memorem,
807 2186 967 2212 summa
1007 2173 1205 2224 principia
1240 2170 1327 2213 Δία
1367 2169 1505 2222 φύσιν

84 2236 343 2290 εἱμαρμένην
382 2253 465 2278 non
503 2242 631 2279 solum
671 2253 752 2291 qua
792 2242 949 2279 ratione
980 2240 1286 2289 coniungantur
1315 2252 1399 2277 non
1433 2252 1503 2277 ex·

81 2308 204 2356 plicat
235 2308 311 2345 sed
340 2320 475 2357 paene
505 2309 654 2346 oblitus
683 2321 774 2347 esse
808 2305 1020 2353 uidetur13
1049 2308 1147 2346 uide
1170 2308 1296 2345 etiam
1328 2308 1396 2344 ubi
1420 2307 1499 2344 Po-

83 2374 286 2413 sidonium
316 2375 394 2413 illic
423 2376 609 2426 sequitur
631 2383 673 2414 ut
695 2384 731 2416 11
757 2379 818 2422 17,
839 2379 888 2415 45
913 2388 998 2426 sqq.
1030 2388 1152 2425 quam
1183 2376 1341 2414 incerta
1371 2387 1418 2412 ac
1451 2375 1498 2412 ti-

85 2443 256 2481 tubante
284 2443 422 2493 lingua.
449 2445 636 2482 inertiam
667 2456 785 2482 suam
817 2445 904 2493 ipse
938 2445 1097 2493 prodat.
1139 2443 1259 2492 igitur
1279 2449 1323 2479 ut
1344 2448 1499 2492 quanta

83 2509 236 2560 ubique
256 2508 465 2549 Ciceronis
487 2511 539 2549 sit
558 2511 662 2549 fides
682 2512 929 2562 exploretur,
964 2522 1049 2548 non
1071 2511 1113 2547 id
1136 2510 1267 2548 solum
1300 2520 1504 2559 quaeren-

203 2675 221 2709 1
248 2681 394 2710 naturae
420 2676 636 2710 mentionem
669 2677 752 2710 facit
786 2685 814 2710 11
844 2677 900 2720 11,
928 2676 992 2720 295
1034 2676 1156 2709 definit
1192 2687 1269 2709 eam
1307 2675 1505 2708 secundum

82 2733 260 2768 Zenonem
285 2739 369 2779 post
391 2740 529 2779 tempus
555 2734 614 2774 22,
639 2735 704 2774 573
742 2740 870 2780 postea
905 2730 1124 2768 definitionis
1157 2734 1260 2767 huius
1285 2733 1422 2766 oblitus
1447 2732 1506 2771 32,

84 2792 129 2827 Si
146 2803 199 2839 sq.
225 2794 342 2827 denuo
369 2794 505 2828 definit.

1213 2863 1233 2885 e
