1846 3288
512 264 579 297 DE
604 263 912 298 EDITORIBVS
944 262 1155 297 LAERTH
1423 260 1493 292 XV
1499 260 1532 291 Π

118 386 237 418 netns
270 378 473 428 genuinos
514 376 702 416 lectionis
734 377 870 415 fontes
901 382 1256 415 monstrauerunt:
1303 378 1535 415 restitutum

114 458 164 484 ex
198 446 270 484 illis
302 445 537 494 exemplum
576 446 761 482 nondum
801 444 964 496 prodiit.
1023 443 1146 493 igitur
1174 443 1230 481 ad
1261 441 1372 482 hunc
1403 456 1534 494 usque

117 515 228 552 diem
249 512 402 552 Laertii
424 511 623 562 Diogenis
656 512 781 550 lectio
811 514 922 551 omui
953 513 1226 551 fundamento
1257 519 1382 553 caret.
1420 512 1536 562 quod

111 593 204 619 cum
241 581 283 620 in
327 583 439 619 nuno
479 580 567 617 eius
607 580 708 618 libro
739 591 823 618 non
864 592 987 630 aegre
1020 580 1186 628 feratur,
1229 580 1364 618 nullus
1396 586 1537 618 tamen

115 656 199 687 tam
229 649 376 687 misere
406 647 570 685 habitus
601 654 664 685 est
696 657 820 697 quam
860 648 1047 686 decimus
1075 658 1213 697 neque
1243 646 1465 699 quicquam
1494 647 1536 684 in

114 717 195 768 hoc
224 727 348 767 quam
373 714 496 753 libelli
512 714 716 765 Epicurei.
749 714 809 752 his
841 715 951 753 enim
978 704 1221 765 grauissima
1250 715 1362 753 idem
1393 714 1538 754 inflixit

114 784 297 835 uolnera,
325 793 448 832 quem
470 782 616 836 merito
649 781 799 822 dixeris
828 783 1120 832 sospitatorem
1142 781 1320 832 Epicuri,
1352 782 1535 820 Petrus

117 850 424 890 Gassendus
465 850 627 888 decimo
663 850 766 888 libro
806 850 958 888 Laertii
989 862 1081 888 cum
1120 849 1311 888 uersione
1349 850 1464 887 edito
1495 855 1538 887 et

118 917 547 956 animaduersionibus
580 916 759 967 copiosis
792 917 1006 955 inlustrato
1036 914 1251 968 (Lugduni
1277 917 1421 965 1649).
1469 917 1535 965 qui

121 993 164 1023 ut
188 991 276 1023 erat
299 984 491 1036 physices
514 983 751 1036 Epicureae
773 985 903 1022 multo
924 996 1047 1035 quam
1079 984 1279 1023 sermonis
1299 984 1439 1033 graeci
1466 996 1536 1033 pe·

119 1053 244 1104 ritior,
274 1052 435 1091 etiamsi
465 1051 580 1090 haud
609 1063 745 1103 pauca
775 1052 905 1089 multo
934 1063 1026 1090 cum
1047 1052 1238 1091 acumine
1269 1057 1383 1090 recte
1413 1051 1535 1089 intel-

115 1121 225 1165 lexit,
267 1126 403 1158 tamen
438 1132 488 1157 ea
519 1118 752 1157 temeritate
789 1118 830 1156 in
862 1120 989 1158 uerba
1020 1119 1184 1170 Epicuri
1216 1125 1428 1170 grassatus
1459 1125 1536 1164 est,

118 1193 163 1224 ut
204 1199 254 1226 ea
291 1200 378 1225 non
414 1198 592 1237 purgare
631 1186 892 1237 sedfingere
923 1186 1012 1236 ipse
1049 1186 1255 1226 uideatur.
1317 1185 1428 1225 hunc
1460 1198 1537 1224 suo

116 1266 230 1292 more
261 1255 440 1292 imitatus
473 1253 679 1292 Marcus
711 1252 1019 1292 Meibomius
1051 1255 1112 1292 uir
1141 1266 1293 1304 graece
1322 1266 1406 1292 non
1438 1254 1537 1291 doc-

118 1329 182 1360 tus
221 1334 270 1361 ea
306 1335 351 1359 re
382 1323 506 1360 etiam
537 1321 806 1371 perniciosior
836 1320 1015 1372 Epicuro
1045 1322 1181 1360 editor
1211 1320 1379 1366 exstitit,
1425 1321 1537 1370 quod

116 1389 269 1428 Laertii
287 1388 489 1439 Diogenis
510 1388 721 1447 exemplar
747 1389 800 1427 ab
829 1389 898 1427 illo
928 1396 1156 1427 correctum
1187 1389 1424 1440 splendore,
1455 1389 1538 1426 ele-

116 1458 267 1507 gantia,
305 1456 588 1496 commentarii
618 1456 858 1508 Menagiani
891 1456 1068 1496 utilitate
1098 1458 1156 1495 ita
1185 1457 1374 1495 omnibus
1403 1468 1539 1506 paene

117 1524 305 1563 adhunc
335 1536 467 1574 usque
489 1525 600 1562 diem
620 1524 1006 1575 commendabatur,
1039 1530 1082 1561 ut
1114 1536 1274 1562 summa
1304 1524 1393 1561 eius
1423 1530 1536 1561 esset

117 1593 355 1632 auctoritas,
416 1603 564 1642 nempe
607 1590 703 1630 hinc
733 1591 920 1642 pendent
960 1591 1027 1629 uel
1059 1590 1174 1629 inuiti
1207 1598 1413 1641 quotquot
1442 1597 1538 1641 post

117 1672 211 1697 cum
234 1659 442 1698 Laertium
465 1665 537 1697 aut
557 1659 762 1709 Epicurea
783 1659 1019 1698 ediderunt.
1052 1669 1157 1697 unus
1188 1658 1536 1697 Schneiderus

117 1726 226 1765 Saxo
254 1733 420 1776 poterat
451 1732 494 1764 et
524 1725 738 1764 Meibomii
769 1725 1043 1764 temeritatem
1081 1726 1297 1776 peruidere
1329 1733 1372 1763 et
1403 1727 1532 1764 lucem

118 1794 334 1844 Epicureis
372 1793 561 1841 reddere,
606 1793 684 1831 nisi
723 1793 910 1832 lectionis
954 1793 1154 1832 memoria
1197 1793 1250 1831 illi
1281 1806 1333 1831 ex
1364 1793 1537 1832 turbidis

117 1862 255 1900 riuulis
300 1859 531 1899 haurienda
571 1861 728 1901 fuisset.
789 1872 872 1910 quo
909 1860 1027 1899 nixus
1056 1860 1361 1899 Huebnerus
1392 1872 1540 1911 quam-

119 1940 244 1980 quam
275 1927 389 1967 haud
419 1929 475 1965 ita
508 1939 599 1966 raro
631 1929 686 1966 ad
717 1928 912 1966 librorum
942 1928 1067 1966 fidem
1105 1928 1326 1966 lectionem
1358 1928 1536 1971 reduxit,

119 1997 231 2034 adeo
271 1995 348 2034 sibi
387 2007 474 2048 non
521 2001 699 2048 constat,
740 2002 784 2032 ut
814 1984 1055 2034 obscuriora
1087 2006 1277 2045 quaeque
1310 1995 1405 2034 fuco
1435 1992 1538 2033 Mei-

117 2063 312 2101 bomiano
343 2063 526 2101 oblinere
547 2075 672 2114 quam
702 2075 786 2101 non
815 2063 1053 2113 intellegere
1080 2065 1206 2103 malit.
1237 2064 1290 2101 ab
1310 2063 1539 2101 Huebnero

117 2131 160 2168 in
189 2130 403 2181 Epicureis
431 2131 498 2168 uel
529 2129 574 2170 C.
598 2130 650 2171 G.
674 2130 898 2169 Cobetus
929 2132 1099 2181 pendet,
1132 2130 1211 2168 nisi
1244 2131 1311 2168 ubi
1345 2130 1538 2168 correcti-

118 2210 242 2237 onem
283 2204 356 2237 aut
396 2200 531 2237 codex
564 2199 596 2236 F
635 2205 707 2237 aut
738 2200 977 2238 obseruatio
1010 2199 1212 2237 sermonis
1243 2198 1540 2248 suppeditauit.

117 2265 224 2318 haec
251 2277 344 2304 cum
376 2265 460 2305 fata
491 2267 572 2304 sint
601 2266 755 2306 Laertii
785 2267 1001 2316 Diogenis,
1046 2279 1130 2304 non
1159 2266 1293 2315 potuit
1322 2264 1408 2302 fieri
1440 2265 1540 2315 quin

117 2333 297 2371 uirorum
333 2334 401 2371 uel
442 2333 771 2372 acutissimorum
808 2334 1084 2379 coniecturae,
1120 2330 1377 2372 Lachmanni
1415 2331 1538 2370 Mad-

118 2401 199 2450 uigi
231 2400 402 2444 aliorum
434 2413 559 2451 saepe
587 2403 642 2439 ad
671 2402 824 2440 irritum
856 2402 1067 2440 caderent.
1129 2412 1230 2450 quas
1262 2400 1425 2439 etiamsi
1457 2406 1538 2438 stu·

123 2469 244 2506 diose
264 2468 487 2518 perquisiui
518 2475 559 2507 et
589 2468 836 2514 examinaui,
868 2475 913 2507 ut
943 2474 1015 2507 aut
1041 2469 1211 2506 meliora
1242 2469 1439 2506 edocerer
1468 2473 1540 2504 aut

120 2547 240 2575 suum
271 2536 422 2585 cuique
453 2537 687 2583 redderem,
717 2543 856 2575 tamen
878 2535 1138 2574 coniecturas
1167 2547 1253 2573 non
1286 2534 1536 2585 probabiles,

119 2614 293 2654 quarum
311 2604 409 2654 inde
432 2615 458 2641 a
475 2589 695 2642 Gassendo
712 2605 846 2641 nubes
863 2603 1041 2641 conflata
1058 2609 1136 2650 est,
1153 2604 1208 2641 ad
1224 2602 1539 2641 adnotationem

122 2676 194 2708 aut
223 2681 453 2720 numquam
481 2677 553 2709 aut
578 2672 780 2710 rarissime
810 2671 972 2715 admisi,
1004 2676 1046 2708 et
1080 2671 1327 2720 optimorum
1362 2668 1540 2707 uirorum

74 2765 77 2767 -
119 2731 367 2776 nominibus
384 2737 464 2775 hoc
493 2749 560 2775 me
581 2738 734 2776 debere
764 2744 877 2776 ratus
903 2744 948 2774 et
977 2737 1169 2786 publicae
1196 2736 1358 2775 utilitati
1392 2736 1539 2774 melius

120 2805 399 2843 consulturum
431 2804 624 2843 librorum
653 2804 900 2842 testimoniis
931 2811 1124 2842 accurate
1156 2804 1382 2854 conpositis
1415 2815 1551 2853 quam

1240 2869 1267 2900 b
