1846 3288
263 286 386 320 LVIII
820 285 1107 317 PRAEFATIO

262 403 385 450 —28,
409 403 461 442 82
499 403 672 452 petitum
707 407 781 446 est,
825 406 986 438 constat
1022 412 1075 437 ex
1113 400 1198 437 libri
1244 400 1414 437 indicati
1449 411 1483 440 c.
1516 402 1584 450 26,
1605 402 1672 441 73.

261 481 397 520 neque
431 469 574 519 minus,
611 482 702 507 cum
734 469 786 506 de
817 474 949 505 morte
981 467 1286 505 contemnenda
1319 467 1553 513 dissereret,
1596 468 1673 506 Po-

263 537 467 576 sidonium
506 537 683 587 Epicuro
725 547 843 573 usum
882 547 976 572 esse
1017 534 1060 572 P.
1093 533 1316 572 Corssenus
1355 533 1451 571 mihi
1492 535 1674 583 peruasit

262 605 393 642 musei
410 605 596 643 Rhenaui
627 612 653 643 t.
681 610 834 643 XXXVI
854 615 892 652 p.
911 604 992 641 506
1011 613 1098 652 sqq.
1121 602 1180 638 eis
1203 601 1378 639 maxime
1403 613 1510 652 quae
1531 614 1571 652 p.
1588 603 1670 641 513

261 673 475 722 proposuit
505 671 767 721 argumentis.
826 670 888 707 Ac
920 669 1129 707 Posidonii
1166 668 1461 718 protrepticum
1505 675 1673 708 secutus

262 739 490 777 Antiochus
521 738 772 782 Ascalonita,
818 749 941 787 quem
983 742 1166 773 extrema
1202 736 1483 785 disputatione
1513 736 1674 776 Tuscu·

262 806 356 845 lana
386 814 416 846 V
439 809 501 851 29,
519 806 699 854 83-41‚
719 806 798 843 120
820 804 964 842 Cicero
991 803 1199 853 expressit,
1229 804 1338 842 illum
1367 804 1499 853 ipsum
1522 804 1672 853 locum,

263 874 383 912 etiam
423 874 647 911 secundum
679 871 897 920 Epicurum
935 871 1132 920 sapientis
1172 872 1294 908 uitam
1332 872 1497 909 beatam
1537 884 1627 909 esse
1644 868 1672 920 ¹,

261 941 358 979 satis
389 940 574 977 studiose
606 938 872 988 pertractauit
903 940 970 982 31,
993 939 1047 976 88
1065 949 1152 987 sqq.
1188 937 1454 986 intellegetur
1483 940 1564 975 iam
1596 937 1674 976 hoc

261 1019 440 1057 quoque,
473 1006 540 1055 qui
571 1006 748 1056 potuerit
785 1005 1016 1054 astrologus
1048 1004 1238 1042 Manilius
1269 1012 1319 1044 IV
1343 1007 1473 1043 1-11
1509 1011 1675 1042 senten-

260 1075 325 1111 tiis
354 1086 407 1111 ex
436 1074 526 1123 ipso
559 1072 677 1110 horto
709 1072 846 1121 petitis
865 1069 881 1095 2
910 1072 1064 1109 aditum
1096 1073 1151 1109 ad
1183 1072 1356 1109 fatorum
1387 1072 1468 1109 uim
1499 1073 1671 1110 efferen-

261 1142 357 1179 dam
387 1142 566 1190 aperire;
597 1151 732 1189 neque
762 1141 907 1185 minus,
936 1151 1056 1189 quam
1089 1146 1201 1177 recte
1233 1141 1300 1189 qui
1330 1139 1532 1189 Apollonii
1565 1139 1674 1190 Tya—

259 1210 400 1247 nensis
431 1209 624 1258 epistulas
657 1209 765 1245 finxit
799 1207 908 1245 hunc
938 1208 1066 1245 uirum
1099 1208 1360 1245 cauillantem
1392 1207 1534 1245 fecerit
1568 1220 1630 1257 ep.
1650 1210 1672 1245 5

260 1290 299 1326 p.
323 1279 402 1315 386
438 1275 501 1315 Ol.
533 1275 622 1315 τῶν
648 1272 910 1323 Ἐπικούρου
943 1271 1086 1322 λόγων
1117 1272 1142 1313 ὁ
1172 1272 1268 1323 περὶ
1299 1273 1461 1323 ἡδονῆς
1490 1272 1674 1325 οὐδενὸς

260 1341 321 1383 ἔτι
354 1341 601 1392 συνηγόρου
640 1343 775 1382 δεῖται
812 1341 898 1381 τῶν
936 1339 983 1381 ἐκ
1020 1341 1098 1381 τοῦ
1131 1340 1267 1391 κήπου
1300 1341 1369 1381 καὶ
1400 1342 1477 1392 τῆς
1510 1340 1675 1383 ἐκείνου

262 1409 371 1460 (lege
399 1409 500 1457 ἐκεῖ)
531 1411 770 1459 διατριβῆς·
812 1408 1029 1459 πέφηνε
1068 1407 1163 1458 γὰρ
1199 1407 1271 1449 ὢν
1308 1408 1391 1449 καὶ
1428 1407 1555 1450 κατὰ
1585 1408 1676 1458 τὴν

262 1477 425 1520 στοὰν
456 1475 834 1527 ἀληθέστατος.

376 1547 539 1594 Quodsi
568 1546 619 1584 ad
652 1546 781 1595 ipsam
812 1545 1016 1595 porticum
1039 1545 1252 1583 sententiis
1270 1546 1480 1594 Epicureis
1513 1545 1670 1583 aditum

265 1615 469 1663 paullatim
506 1614 685 1651 laxatum
726 1625 817 1650 esse
848 1619 1022 1661 constat,
1054 1624 1137 1650 non
1175 1613 1407 1650 mirabimur
1438 1613 1469 1650 si
1499 1625 1552 1650 ne
1586 1612 1675 1650 Pla-

261 1681 386 1718 tonici
418 1682 584 1731 quidem
611 1680 862 1731 posteriores
880 1680 1084 1729 Epicurea
1110 1688 1362 1730 spreuerunt.
1416 1681 1677 1730 Porphyrii

262 1749 316 1785 ad
350 1748 585 1786 Marcellam
617 1759 784 1784 uxorem
807 1748 993 1795 ¹libellum
1026 1760 1111 1785 non
1143 1748 1311 1785 multum
1344 1748 1504 1786 differre
1535 1761 1560 1785 a
1581 1760 1675 1786 cen-

262 1823 359 1853 tone
390 1815 506 1853 facile
537 1821 624 1852 erat
656 1815 709 1852 ad
741 1816 1065 1865 intellegendum
1082 1811 1108 1851 3.
1174 1827 1253 1852 nec
1283 1814 1486 1854 difficilius
1519 1816 1556 1853 ei
1587 1816 1674 1866 qui-

263 1885 359 1921 dem
391 1883 459 1932 qui
486 1882 707 1932 Epicurum
739 1888 893 1927 nosset,
926 1895 1030 1932 opus
1061 1882 1315 1919 tessellatum
1350 1883 1528 1932 capitum
1560 1882 1676 1932 quin-

261 1963 342 2002 que
373 1951 660 1988 continuorum
680 1957 818 1990 XXVII
841 1961 969 1999 usque
1005 1950 1059 1987 ad
1081 1956 1202 1989 XXXI
1234 1962 1282 1987 ex
1306 1949 1446 1999 lapillis
1463 1949 1674 1999 Epicureis

263 2019 554 2056 concinnatum
595 2029 688 2055 esse
731 2017 970 2055 intermixtis
1013 2017 1180 2055 aliunde
1218 2017 1470 2067 paucissimis
1501 2022 1673 2068 tantum,

261 2092 307 2124 ut
337 2086 474 2123 statim
505 2085 749 2122 uidebimus.
791 2084 931 2134 incipit
952 2084 1124 2134 scriptor
1144 2097 1169 2122 a
1191 2085 1408 2130 sententia,
1439 2097 1562 2134 quam
1578 2084 1672 2135 Epi-

383 2248 402 2280 l
438 2247 613 2290 exemplar
638 2246 821 2280 Antiocho
857 2248 891 2279 in
928 2258 969 2280 ea
1003 2258 1040 2279 re
1076 2247 1318 2291 protrepticon
1342 2246 1532 2280 Posidonii
1567 2246 1676 2279 fuisse

261 2305 329 2338 hoc
356 2306 505 2338 maxime
528 2305 696 2338 indicium
722 2311 785 2344 est,
814 2307 912 2348 quod
938 2307 1062 2339 eadem
1085 2306 1385 2348 argumentatione
1413 2311 1447 2338 et
1459 2305 1676 2338 Posidonius

261 2364 446 2397 Tullianus
473 2364 529 2404 26,
559 2364 604 2398 75
629 2370 661 2397 et
686 2364 889 2397 Antiochus
917 2363 974 2403 41,
995 2364 1064 2401 119
1080 2375 1132 2408 sq.
1160 2365 1203 2398 cf.
1220 2364 1276 2407 31,
1297 2363 1343 2398 89
1371 2364 1566 2406 Epicureae
1592 2364 1677 2396 doc-

260 2424 371 2456 trinae
399 2424 641 2456 tractationem
674 2423 865 2458 concludit.
905 2424 1031 2457 eodem
1063 2424 1169 2465 igitur
1203 2423 1350 2455 consilio
1378 2428 1522 2466 uterque
1547 2423 1679 2465 Epicu-

261 2493 335 2515 rum
365 2483 522 2525 arripuit,
549 2483 705 2515 breuiter
730 2482 792 2515 ille
819 2493 883 2515 nec
917 2483 992 2515 sine
1023 2482 1158 2515 malitia
1182 2487 1219 2514 ut
1246 2481 1396 2519 Stoicus,
1429 2481 1591 2522 longiore
1616 2480 1676 2512 hic

261 2542 502 2585 disputatione
530 2547 568 2573 ut
599 2542 753 2573 imitator
787 2550 820 2573 et
851 2542 984 2573 maiore
1018 2551 1095 2573 cum
1123 2540 1243 2572 studio
1271 2545 1308 2571 ut
1335 2539 1535 2571 beneuolus
1561 2539 1675 2572 disso-

260 2601 414 2632 nantium
443 2607 614 2632 sectarum
642 2600 861 2633 conciliator.

381 2657 403 2692 2
428 2658 470 2691 cf.
498 2659 563 2700 Ep.
591 2659 632 2692 fr.
660 2658 738 2692 494.
769 2658 851 2692 496.
880 2657 962 2692 471.

381 2716 402 2750 3
429 2717 472 2750 cf.
499 2717 527 2749 1.
555 2717 806 2750 Gilderneister
830 2718 985 2749 Hermae
1011 2722 1034 2750 t.
1060 2726 1099 2749 lv
1125 2727 1159 2759 p.
1178 2716 1235 2750 83.
1278 2725 1371 2748 nunc
1403 2715 1439 2747 in
1464 2714 1575 2747 altera
1601 2714 1674 2746 edi-

260 2776 357 2808 tione
383 2775 566 2808 Nauckius
601 2787 634 2819 p.
659 2785 757 2809 xvm
784 2786 835 2818 sq.
868 2775 1117 2808 sententiarum
1154 2786 1196 2807 ex
1222 2774 1403 2816 florilegiis
1431 2774 1672 2816 decerptarum

261 2834 418 2867 tabulam
446 2835 642 2878 conposuit.
