1846 3288
335 281 511 318 XXXIV
923 281 1218 317 PRAEFATIO

333 398 485 437 stulam
521 403 763 449 sequeretur
792 403 835 435 et
865 409 889 434 a
919 397 1132 436 sententiis
1162 404 1386 448 separaret.
1442 398 1612 437 nimium
1643 410 1667 437 a
1697 398 1742 436 li-

332 465 474 504 brariis
515 467 771 516 postulatum
813 469 922 502 erat:
970 463 1040 514 qui
1083 464 1262 503 schedas
1292 465 1343 503 ab
1380 465 1539 504 editore
1575 465 1742 504 additas

333 532 499 583 stupida
545 545 638 571 cum
672 532 754 569 fide
785 530 1104 581 descripserunt,
1148 531 1415 580 neglexerunt
1452 533 1601 570 ueteris
1632 544 1741 571 sum·

333 599 448 638 marii
478 599 675 638 maiorem
695 604 867 648 partem,
899 598 987 635 siue
1020 609 1092 636 eos
1114 598 1229 635 latuit
1260 598 1346 636 siue
1373 610 1575 648 compage
1605 599 1743 638 soluta

332 667 607 706 interciderat.
665 665 900 703 uetustioris
939 665 1059 715 igitur
1097 665 1313 703 uoluminis
1352 665 1456 704 haec
1495 666 1580 705 fere
1612 665 1742 704 forma

334 733 485 772 suerat:
518 733 740 783 incipiebat
771 738 896 782 caput
930 733 984 770 de
1017 733 1224 782 dogmatis
1255 732 1397 771 ethicis
1429 745 1453 771 a
1484 734 1620 771 uerbis
1650 731 1740 774 Δο-

330 799 395 841 κεῑ
425 798 462 840 δ’
495 797 644 849 αὐτοῖς
673 795 790 850 [περὶ
818 799 906 839 τῶν
933 793 1154 853 βιωτικῶν]
1187 814 1208 834 ι
1243 814 1264 834 ÷÷
1299 813 1324 836 κ
1345 812 1476 850 usque
1506 802 1561 839 ad
1593 797 1668 852 [τά
1694 811 1740 840 τε

331 866 646 917 κατορθώματα
674 865 743 907 καὶ
771 861 854 920 τὰ],
886 878 994 917 quae
1021 867 1369 905 continuabantur
1396 868 1545 906 ultimis
1577 867 1739 907 schedis

332 935 616 985 superstitibus

377 1022 628 1066 ἁμαρτήματα
659 1024 769 1058 ἄνισα
796 1023 901 1057 εἶναι.
947 1023 1008 1057 καὶ
1042 1022 1113 1064 τὴν
1155 1021 1301 1064 ὑγίειαν
1333 1023 1407 1057 τισὶ

378 1087 445 1130 μὲν
471 1087 627 1130 ἀγαθόν,
653 1088 728 1121 τισὶ
750 1086 791 1121 δὲ
818 1086 1040 1130 ἀδιάφορον.
1073 1086 1144 1129 τὴν
1164 1086 1204 1121 δὲ
1231 1085 1406 1129 ἀνῦρείαν

377 1151 491 1193 φύσει
509 1150 559 1193 μὴ
577 1149 756 1193 γίνεσθαι,
783 1151 952 1194 λογισμῷ
979 1151 1018 1185 δὲ
1037 1153 1106 1185 τοῦ
1134 1150 1405 1195 συμφέροντος.

377 1217 437 1250 καὶ
462 1216 534 1258 τὴν
559 1214 687 1257 φιλίαν
714 1215 773 1249 διὰ
799 1215 866 1255 τὰς
891 1213 1032 1258 χρείας·
1064 1216 1143 1249 δεῖν
1170 1214 1297 1256 μέντοι
1316 1225 1406 1258 προ·

377 1279 628 1323 κατάρχεσθαι
654 1279 730 1323 (καὶ
754 1280 825 1323 γὰρ
851 1279 923 1321 τὴν
948 1281 1019 1321 γῆν
1052 1279 1282 1322 σπείρομεν),
1309 1279 1407 1314 συνί·

378 1346 536 1379 στασθαι
555 1343 595 1378 δέ
615 1343 735 1385 αὐτὴν
752 1343 849 1378 κατὰ
874 1342 1076 1377 κοινωνίαν
1101 1342 1293 1385 μεγίσταις
1319 1344 1405 1386 ἡδο-

375 1412 458 1450 ναῖς
484 1406 888 1451 ἑκπεπληρωμ<ένην>.

375 1473 446 1515 τὴν
479 1471 721 1515 εὐδαιμονίαν
749 1473 832 1516 διχῇ
859 1475 1038 1515 νοεῖσθαι,
1073 1472 1143 1515 τήν
1176 1483 1218 1507 τε
1245 1472 1405 1516 ἀκροτά-
1433 1485 1439 1491 ·

375 1548 457 1581 την,
485 1537 546 1571 οἵα
572 1537 651 1571 ἐστὶ
677 1538 760 1580 περὶ
786 1537 854 1571 τὸν
881 1537 979 1580 θεόν,
1008 1536 1180 1572 ἐπίτασιν
1205 1538 1274 1571 οὔκ
1300 1537 1406 1579 ἔχου-

378 1610 460 1644 σαν,
494 1602 554 1635 καὶ
586 1602 658 1642 τὴν
686 1601 803 1645 (κατὰ
829 1600 921 1645 τὴν)
950 1601 1172 1644 προσθήκην
1199 1602 1258 1635 καὶ
1292 1600 1403 1643 ἀφαί-

375 1675 479 1710 ρεσιν
506 1667 668 1709 ἡδονῶν.
834 1666 1074 1700 Μετιτέον
1107 1666 1155 1699 δέ
1189 1666 1266 1700 ἐπὶ
1292 1667 1380 1700 τὴν
1415 1665 1690 1708 ’.Ἶστολήψ

376 1730 595 1773 διαφέρεται
630 1732 670 1765 δὲ
702 1731 797 1774 πρὸς
829 1731 919 1772 τοὺς
947 1731 1201 1774 Κυρηναϊκοὺς
1227 1731 1311 1774 περὶ
1336 1733 1406 1774 τῆς

375 1794 527 1838 ἡδονῆς.
566 1792 603 1828 οἳ
627 1794 694 1836 μὲν
719 1793 791 1837 γὰρ
806 1820 930 1828 ......
945 1793 993 1827 τὰ
1011 1793 1043 1827 δ’
1062 1794 1155 1827 ἄλλα
1181 1792 1404 1835 χωρίζεσθαι

376 1856 459 1894 οἷον
486 1858 623 1903 βρωτά.

1564 1033 1599 1101 ,47

1509 1561 1540 1629 qua
1498 1492 1531 1537 de
1498 1340 1531 1463 officiis
1499 1152 1542 1321 sapientis
1510 1093 1533 1127 u.
1499 1032 1533 1078 39

1629 1536 1663 1628 ποτὲ
1629 1266 1673 1517 τεθνήξεσθαι.
1628 1176 1663 1233 Τὸ
1629 1033 1674 1149 ἑξῆς·

1433 1484 1474 1628 margini
1433 1152 1467 1439 adscribebantur
1434 1032 1466 1111 reli-

1694 1487 1729 1627 Δοκεῖ
1694 1423 1728 1461 δ’
1695 1238 1736 1397 αὐτοῖς

1562 1482 1605 1629 εἰκόνας
1574 1404 1599 1446 τε
1562 1162 1606 1364 ἀναθήσειν
1591 1142 1598 1149 .
1591 1119 1598 1126 .

327 1959 436 1998 quae
465 1946 683 1998 epistulam
715 1946 922 1997 excipiunt
955 1946 1185 1983 sententiae
1221 1947 1275 1983 de
1310 1946 1564 1984 diuinatione
1594 1948 1738 1986 nescio

330 2017 540 2064 quomodo
575 2026 625 2051 eo
656 2014 916 2057 deuenerint,
954 2013 1028 2052 nisi
1058 2026 1107 2051 ex
1140 2013 1296 2051 scholio
1325 2014 1521 2063 ampliore
1556 2013 1652 2052 olim
1683 2015 1738 2054 ad

329 2076 546 2132 epistulam
588 2083 907 2133 praecedentem
946 2082 1025 2120 134
1064 2094 1099 2131 p.
1130 2082 1196 2130 65,
1228 2082 1391 2120 12—-15
1429 2081 1640 2131 adscripto
1677 2094 1737 2119 re-

328 2151 420 2188 licta
451 2156 558 2189 sunt.

440 2229 548 2268 quae
579 2217 725 2256 ethicis
755 2217 1025 2267 praemittitur
1056 2217 1110 2255 de
1140 2216 1282 2254 officiis
1313 2216 1511 2267 sapientis
1542 2216 1737 2266 epitome,

328 2290 373 2323 ut
410 2285 506 2334 dixi,
551 2285 794 2323 doctissima
830 2292 893 2322 est
927 2292 968 2323 et
1013 2296 1061 2322 ex
1093 2286 1249 2334 optimo
1282 2284 1396 2322 fonte
1426 2284 1567 2334 petita,
1629 2283 1739 2321 hunc

328 2358 501 2402 apparet
530 2352 701 2390 similem
724 2353 779 2390 de
809 2352 903 2390 uitis
927 2358 968 2390 et
990 2352 1197 2400 dogmatis
1226 2352 1563 2402 philosophorum
1594 2350 1738 2388 librum

327 2419 450 2458 fuisse
491 2420 723 2470 eademque
763 2420 845 2459 fata
886 2426 1096 2469 expertum
1139 2427 1264 2470 atque
1303 2431 1497 2457 uo.umen
1529 2431 1551 2455 a
1585 2417 1738 2457 Laertii

329 2487 496 2525 librariis
534 2498 787 2537 expressum.
840 2487 1051 2537 pristinum
1093 2488 1201 2525 enim
1248 2493 1404 2524 textum
1442 2487 1737 2525 additamentis

327 2566 412 2592 non
442 2554 574 2593 minus
608 2555 742 2593 doctis
771 2555 908 2593 multis
940 2561 1107 2593 auctum
1139 2567 1242 2602 esse,
1274 2563 1318 2593 ut
1339 2557 1393 2593 de
1425 2556 1582 2594 eisdem
1617 2556 1737 2594 rebus

329 2622 561 2659 sententiae
592 2621 671 2659 iam
703 2622 807 2660 aliae
839 2622 933 2659 alibi
956 2623 1146 2673 legantur
1174 2629 1216 2660 et
1237 2623 1476 2673 plerumque
1508 2623 1663 2660 ordinis
1683 2635 1736 2660 ne

327 2689 468 2738 umbga
490 2688 657 2738 quidem
687 2695 887 2740 seruetur,
918 2701 1041 2727 nemo
1072 2691 1153 2729 iam
1183 2702 1266 2728 non
1299 2690 1423 2728 uidet.
1471 2690 1735 2727 breuissimus

325 2756 435 2793 enim
458 2755 532 2793 fuit
556 2756 749 2806 pristinus
777 2762 923 2807 textus,
957 2758 1080 2805 uelut,
1113 2764 1156 2794 ut
1187 2769 1268 2795 uno
1299 2758 1488 2807 exemplo
1520 2758 1736 2807 defungar,

325 2820 348 2872 ἓ
373 2824 450 2862 118
481 2835 541 2873 sq.
575 2824 669 2861 olim
702 2823 804 2863 haec
830 2830 989 2862 tantum
1011 2824 1222 2874 probabile
1250 2831 1315 2863 est
1342 2825 1493 2863 tradita
1520 2824 1645 2862 fuisse
