1846 3288
265 236 391 271 LXIV
818 231 1108 272 PRAEFATIO

269 349 538 402 ἀποβιώσας,
570 356 612 386 et
641 349 848 398 intelleges
877 355 919 385 ut
940 348 1045 385 hanc
1070 348 1124 385 ita
1146 348 1245 385 anas
1263 348 1423 397 Epicuri
1446 351 1669 387 sententias

269 431 353 457 non
384 429 539 468 paucas
568 428 700 466 paene
730 415 961 452 necessario
991 422 1137 464 postea
1157 414 1411 465 Pythagorae
1442 417 1670 466 adscriptas

268 497 371 524 esse.
442 484 780 533 Pythagoreorum
828 483 1004 530 denique
1051 489 1090 520 et
1139 481 1437 519 Platonicorum
1466 483 1672 532 'exemplo

272 554 408 591 euenit
442 558 483 588 ut
515 563 566 587 ne
599 550 856 587 Christianae
893 550 1057 598 quidem
1087 550 1284 588 ecclesiae
1306 556 1445 598 patres
1467 551 1671 588 coloribus

271 620 484 670 EpicureIS
530 620 571 654 in
612 617 867 654 sermonibus
909 617 1177 655 abstinerent:
1225 617 1321 653 fecit
1355 617 1433 654 hoc
1470 617 1672 656 lohannes

271 687 585 736 Chrysostomus
619 691 642 722 t.
676 690 727 722 IX
757 695 796 732 p.
819 678 923 721 435d
955 682 1126 722 Montes.
1165 682 1222 730 (u.
1251 684 1293 722 fr.
1314 682 1412 732 548)
1443 690 1477 723 X
1506 696 1544 733 p.
1573 686 1671 723 199e

268 753 316 793 cf.
336 761 353 792 1
384 766 420 803 p.
446 748 548 791 5OOd
581 752 684 790 6500
716 758 751 789 II
777 763 813 798 p.
838 746 940 789 365b
969 752 1074 789 3670
1102 763 1289 800 quaeque
1320 751 1435 800 plura
1466 752 1672 789 doctiores

268 821 332 858 alii
365 826 518 858 eruent.

383 894 564 924 ceterum
597 886 629 922 si
659 891 766 923 recte
799 885 902 922 haec
932 886 984 922 de
1006 884 1189 922 Iohanne
1206 884 1386 923 Stobaeo
1418 892 1458 923 et
1480 885 1672 936 Maximo,

270 956 322 992 de
355 955 512 992 Seneca
542 960 585 990 et
617 952 839 1002 Porphyrio
871 953 1088 1001 disputaui,
1122 953 1299 1000 sequitur
1327 960 1372 990 ut
1403 954 1538 991 omnia
1569 966 1674 1004 quae

269 1023 342 1060 illis
381 1022 480 1059 locis
516 1026 678 1058 seruata
714 1026 810 1057 sunt
842 1020 1002 1069 Epicuri
1041 1020 1269 1068 fragmenta
1301 1022 1355 1057 ad
1387 1021 1583 1069 epistulas
1615 1034 1674 1058 re-

271 1090 459 1126 feramus.
499 1087 560 1124 his
582 1099 662 1136 ego
685 1099 755 1124 cur
780 1099 829 1125 ea
851 1094 1009 1124 tantum
1032 1087 1328 1136 adscripserim,
1352 1099 1523 1137 quorum
1545 1088 1674 1126 forma

269 1162 341 1194 aut
371 1156 573 1194 sententia
604 1154 799 1203 originem
831 1155 998 1203 indicat,
1030 1155 1062 1191 si
1093 1155 1278 1203 quaeris:
1316 1155 1549 1192 nesciebam
1581 1168 1671 1193 cum

269 1225 499 1272 fragmenta
543 1223 819 1271 disponerem,
863 1222 988 1258 didici
1024 1233 1108 1258 non
1138 1228 1231 1259 ante
1262 1233 1382 1271 qnam
1414 1223 1454 1258 in
1485 1223 1676 1271 epistula-

269 1303 357 1328 rum
388 1290 626 1339 fragmentis
649 1300 800 1338 operae
822 1289 1139 1336 occupabantur.
1171 1300 1305 1337 neque
1328 1299 1449 1338 aegre
1470 1290 1541 1327 tuli
1563 1291 1674 1339 quod

268 1359 415 1396 mutari
447 1358 550 1394 ordo
580 1357 659 1393 iam
696 1368 779 1393 non
809 1362 983 1405 poterat.
1034 1356 1153 1405 longe
1190 1356 1294 1393 enim
1327 1358 1581 1394 commodius
1613 1369 1677 1394 se-

272 1426 453 1463 cundum
485 1430 770 1473 argumentum
802 1423 1002 1472 disposita
1033 1423 1228 1472 legentur.

387 1560 556 1599 Praeter
586 1565 812 1596 sectatores
844 1564 884 1595 et
914 1557 1123 1595 Laertium
1150 1557 1384 1595 testimonia
1417 1558 1470 1595 de
1501 1558 1678 1608 Epicuro

267 1629 399 1677 magis
431 1626 650 1676 locupletia
682 1633 723 1662 et
753 1626 921 1675 copiosa
952 1637 1034 1662 non
1067 1631 1159 1662 sunt
1191 1637 1312 1674 quam
1344 1625 1399 1663 M.
1433 1625 1539 1662 Tulli
1562 1625 1678 1663 Cice-

268 1696 377 1733 ronis
422 1701 463 1732 et
501 1694 714 1732 Plutarchi.
774 1700 815 1730 et
847 1692 1103 1729 Plutarchi
1136 1693 1300 1741 quidem
1339 1693 1475 1742 plures
1516 1693 1678 1730 fuerunt

269 1769 409 1801 contra
438 1762 546 1800 hanc
576 1760 875 1810 philosophiam
908 1760 1239 1807 dissertatione33
1285 1771 1336 1796 ex
1366 1760 1580 1810 Lampriae
1609 1762 1678 1810 qui

269 1831 394 1868 fertur
424 1826 589 1867 indicel
619 1829 885 1865 innotuerunt
920 1840 957 1865 n.
976 1829 1030 1866 80
1059 1824 1182 1876 Πρὸς
1212 1825 1290 1875 τὴν
1321 1827 1399 1866 τοῦ
1420 1824 1679 1877 Ἐπικούρου

269 1895 480 1947 ἀκρόασιν
514 1895 611 1946 περὶ
642 1895 755 1935 θεῶν
838 1896 915 1933 129
946 1892 1054 1943 Περὶ
1085 1885 1392 1944 Ἐπικουρείων
1422 1892 1678 1944 ἐναντιωμά-

268 1977 355 2005 των
433 1966 510 2003 133
537 1961 646 2012 Περὶ
675 1963 753 2002 τοῦ
786 1960 852 2011 ἐφ’
885 1959 983 2010 ἡμῖν
1012 1959 1122 2010 πρὸς
1144 1952 1400 2011 Ἐπίκουρον
1476 1964 1554 2001 143
1584 1961 1680 2003 Ὅτι

268 2030 599 2082 παραδοξότερα
630 2028 976 2079 οἷἘπικούρειοι
1006 2030 1094 2069 τῶν
1122 2030 1313 2078 ποιητῶν
1344 2029 1520 2078 λέγουσι
1601 2034 1680 2070 148

271 2099 473 2140 Στωικῶν
504 2098 572 2139 καὶ
593 2092 898 2148 Ἐπικουρείων
920 2096 1093 2145 ἐκλογαὶ
1124 2097 1193 2136 καὶ
1225 2096 1392 2146 ἔλεγχοι
1473 2100 1550 2137 155
1572 2096 1679 2148 Περὶ

270 2165 606 2216 δεισιδαιμονίας
639 2165 751 2216 πρὸς
783 2164 1044 2215 Ἐπίκουρον
1085 2166 1247 2203 diuersa
1284 2178 1307 2202 a
1347 2165 1484 2203 libello
1516 2172 1679 2203 seruato

271 2236 324 2272 de
364 2235 652 2284 superstitione
743 2235 820 2272 159
851 2230 958 2281 Περὶ
999 2230 1102 2282 βίων
1139 2230 1250 2282 πρὸς
1282 2222 1549 2283 Ἐπίκουρον,
1596 2246 1680 2270 ser-

271 2308 393 2340 uatae
433 2303 540 2339 duae
586 2308 680 2339 sunt
717 2301 927 2338 Aduersus
960 2299 1136 2336 Coloten
1180 2295 1418 2349 (Lampriae
1457 2312 1496 2338 u.
1529 2298 1599 2346 81)
1639 2307 1682 2337 et

272 2368 427 2407 Contra
444 2368 608 2418 Epicuri
639 2368 938 2406 beatitudinem
965 2366 1028 2414 (L.
1052 2362 1137 2416 82),
1170 2378 1253 2403 non
1283 2367 1411 2403 solum
1443 2366 1679 2415 fragmentis

272 2433 436 2485 Epicuri
466 2443 508 2472 et
539 2435 794 2472 familiarium
831 2434 1001 2471 seruatis
1032 2433 1228 2482 insignes,
1260 2433 1335 2470 sed
1366 2434 1524 2482 plenae,
1556 2435 1678 2471 immo

271 2509 478 2540 scatentes
525 2503 736 2539 sententiis
782 2502 1001 2550 uerbisque
1040 2499 1201 2549 Epicuri
1247 2512 1331 2536 non
1378 2500 1566 2537 indicatis
1604 2502 1680 2538 sed

272 2569 541 2619 disputationi
578 2569 839 2614 intermixtis,
883 2574 921 2605 et
962 2579 1012 2604 ex
1057 2567 1164 2604 libris
1206 2567 1476 2611 doctissimis,
1522 2568 1679 2617 opinor,

273 2635 517 2673 Clitomachi
558 2642 627 2673 aut
658 2635 759 2674 alius
792 2635 1016 2673 academici
1043 2634 1309 2683 conscriptae.
1364 2645 1467 2682 quas
1497 2633 1575 2671 hoc
1607 2646 1679 2671 uo·-

393 2776 412 2810 1
440 2776 522 2808 uide
548 2786 583 2818 p.
601 2782 681 2809 Lxx
710 2775 790 2809 adn.
821 2773 850 2809 1.
