1842 3250
78 464 150 498 500

133 599 152 627 ὓ

119 921 151 946 10

117 1245 150 1272 15

116 1570 150 1596 2⁰

113 1891 148 1918 25

113 2215 147 2240 so

73 2289 120 2325 50
126 2291 142 2324 l

666 202 870 234 EPICVRI
898 203 1084 234 ETHICA
1514 203 1581 238 311

174 318 308 361 giendo
333 317 526 361 relinquas.
581 318 681 350 Haec
708 317 832 350 eadem
859 327 950 360 quae
976 317 1152 360 Epicurus
1178 317 1327 349 totidem
1354 317 1474 349 uerbis
1501 317 1588 350 dicit

173 384 417 425 Hieronymus
427 381 446 415 ².

295 460 550 497 PLVTAROHVS
581 466 703 494 contra
724 461 871 504 Epicuri
898 462 1155 494 beatitudinem
1174 461 1219 496 23
1238 472 1271 504 p.
1290 461 1398 496 1103ο
1425 462 1469 496 τὸ
1496 462 1586 497 miv«

175 537 301 571 σοφον
326 529 442 561 τοῦτο
470 527 592 569 δόγμα
619 527 679 560 καί
706 528 808 561 θεῖον
837 545 904 568 -2
935 526 992 561 ὅτι
1018 530 1088 560 τοῦ
1114 529 1238 568 κακῶς
1262 526 1442 570 πράττειν
1471 528 1588 569 πέρας

174 592 279 628 ἐστὶν
297 592 396 635 αὐτῇ
416 591 478 635 (τῇ
497 591 618 634 ψυχῇ)
645 590 690 624 τὸ
717 589 924 624 ἀπολέσθαι
951 591 1011 624 καὶ
1037 593 1228 635 φθαρῆναι
1256 592 1316 625 καὶ
1340 592 1456 634 μηδὲν
1479 592 1585 626 εἶναι.

174 656 264 690 ibid.
290 667 324 700 p.
347 656 455 690 1103ο
491 655 527 690 οἱ
556 656 588 689 δ’
617 656 739 696 ἄλλως
774 656 927 697 ἔχοντες
957 657 1026 698 τῆς
1059 656 1126 697 μὲν
1160 655 1333 698 εὐτυχίας
1357 656 1402 691 τὸ
1428 656 1586 698 ἥδιστον

174 721 389 762 κολούουσι,
415 723 497 762 ταῖς
521 720 561 754 δὲ
581 719 795 763 δυστυχίαις
821 720 1074 763 ἀποστροφὴν
1100 722 1170 754 οὐκ
1197 720 1479 763 ἀπολείπουσιν,
1507 720 1586 755 ἀλλ’

174 784 227 827 εἰς
255 784 342 827 μίαν
375 784 602 827 καταφυγὴν
635 785 695 818 καὶ
728 785 857 825 λιμένα
891 784 1125 828 πράττοντες
1157 786 1282 825 κακῶς
1313 785 1383 827 τὴν
1418 784 1588 819 διάλυσιν

174 848 236 883 καὶ
260 848 332 891 τήν
358 846 607 890 ἀναισθησίαν
634 847 925 889 ἀποβλέπουσιν.

173 914 223 946 ib.
253 913 295 947 27
322 924 355 957 p.
378 913 490 946 1105·
527 912 572 946 τὸ
598 913 670 956 γὰρ
702 912 1001 956 ἀναισθητεῖν
1034 913 1084 947 τὸ
1118 913 1332 947 διαλυθὲν
1360 914 1419 947 καὶ
1447 914 1586 956 μηδὲν

173 978 292 1013 εἶναι
317 976 429 1021 πρὸς
455 976 568 1019 ἡμᾶς
594 977 644 1010 τὸ
669 977 983 1020 ἀναισθητοῦν
1017 977 1086 1011 οὐκ
1122 977 1299 1020 ἀναιρεῖ
1325 978 1375 1012 τὸ
1402 981 1483 1012 τοῦ
1511 981 1585 1013 θα-

172 1042 313 1077 νάτου
341 1041 459 1084 δέος,
487 1040 566 1076 ἀλλ’
595 1042 719 1085 ὥςπερ
747 1041 935 1077 ἀπόδειξιν
963 1042 1082 1076 αὐτοῦ
1109 1042 1358 1086 προστίθησιν
1385 1043 1495 1086 (αὐτὸ
1514 1044 1586 1087 γὰρ

171 1107 288 1141 τοῦτό
315 1107 417 1141 ἐστιν
444 1105 464 1140 ὃ
491 1106 660 1141 δέδοικεν
686 1106 709 1148 ἡ
737 1107 849 1148 φύσις

355 1170 451 1205 ’ἀλλ’
479 1171 582 1212 ὑμεῖς
609 1171 675 1212 μὲν
702 1171 842 1211 πάντες
868 1171 971 1214 ὕδωρ
999 1172 1059 1204 καὶ
1085 1173 1172 1212 γαῖα
1199 1171 1410 1214 γένοισθε’)

172 1236 244 1279 τὴν
276 1235 329 1277 εἰς
359 1235 404 1270 τὸ
437 1236 486 1278 μὴ
520 1238 692 1279 φρονοῦν
726 1236 810 1278 μηδ’
839 1235 1115 1277 αἰσθανόμενον
1150 1236 1318 1270 διάλυσιν
1349 1238 1418 1278 τῆς
1449 1239 1584 1279 ψυχῆς,

172 1300 221 1343 ἢν
238 1299 457 1344 Ἐπίκουρος
481 1299 534 1341 εἰς
560 1301 670 1335 κενὸν
698 1301 758 1334 καὶ
784 1300 950 1342 ἀτόμους
979 1301 1188 1344 διασπορὰν
1215 1304 1335 1335 ποιῶν
1364 1302 1417 1335 ἔτι
1445 1303 1585 1343 μᾶλλον

172 1365 349 1400 ἐκκόπτει
373 1366 445 1407 τὴν
471 1365 603 1400 ἐλπίδα
629 1368 696 1406 τῆς
723 1365 944 1408 ἀφθαρσίας.

172 1430 221 1464 ib.
249 1430 295 1464 29
320 1441 354 1474 p.
377 1429 487 1464 1106b
514 1429 570 1471 οἷς
589 1430 629 1465 δὲ
649 1431 670 1464 ὁ
690 1429 768 1472 βίος
786 1430 837 1471 εἰς
857 1430 1105 1472 ἀναισθησίαν
1124 1429 1292 1474 περαίνει
1317 1431 1378 1464 καὶ
1405 1430 1584 1464 διάλυσιν.

172 1494 222 1528 ib.
250 1505 284 1538 p.
302 1494 409 1529 11062
434 1495 455 1529 ὁ
474 1494 694 1538 Ἐπικούρου
714 1495 826 1537 λόγος
849 1499 929 1536 τοῖς
956 1496 1022 1536 μὲν
1048 1494 1184 1536 ἀθλίως
1210 1497 1324 1529 ζῶσιν
1350 1495 1419 1529 οὐκ
1446 1495 1585 1536 εὐτυχῆ

170 1560 353 1602 τελευτὴν
380 1559 649 1601 ἐπαγγέλλεται
667 1560 739 1601 τὴν
758 1558 949 1602 ἀναίρεσιν
977 1561 1036 1593 καὶ
1064 1559 1232 1593 διάλυσιν
1251 1562 1319 1601 τῆς
1337 1562 1478 1602 ψυχῆς·
1507 1561 1584 1592 τὼν

172 1623 213 1658 δὲ
231 1623 428 1668 φρονίμων
456 1625 517 1658 καὶ
542 1626 676 1666 σοφῶν
705 1625 764 1657 καί
792 1623 986 1666 βρυόντων
1014 1623 1169 1665 ἀγαθοῖς
1194 1624 1412 1658 παντάπασι
1436 1624 1586 1658 κολούει

170 1688 216 1723 τὸ
248 1689 425 1731 εὔθυμον,
465 1688 506 1723 ἐκ
533 1692 603 1723 τοῦ
637 1690 706 1731 Ζήν
733 1688 926 1731 μακαρίως
959 1688 1010 1730 εἰς
1039 1690 1080 1722 τὸ
1108 1690 1157 1732 μὴ
1185 1691 1254 1731 Ζῆν
1288 1689 1372 1732 μηδ’
1401 1690 1495 1724 εἶναι
1522 1699 1584 1723 κα-

170 1753 412 1797 ταστρέφων.

171 1817 418 1852 Avovswmvs
451 1818 496 1850 ad
521 1818 729 1851 Nectarium
758 1819 859 1861 epist.
890 1826 953 1851 civ
980 1819 1000 1852 3
1028 1825 1049 1853 ι.
1069 1826 1095 1851 n
1122 1830 1154 1862 p.
1176 1818 1262 1852 290ο
1289 1820 1344 1852 ed.
1373 1819 1464 1851 Ven.
1494 1818 1585 1852 1729

171 1882 256 1915 ‘hoc
290 1883 382 1915 enim
408 1884 528 1926 potius
557 1883 594 1915 in
619 1883 694 1915 illis
723 1883 851 1915 litteris
884 1884 968 1925 legi,
1008 1884 1175 1926 quoniam
1201 1883 1275 1915 πίθῃ
1301 1884 1381 1926 ipsa
1407 1894 1478 1926 qua
1504 1884 1586 1916 frui-

170 1957 248 1979 mur
273 1947 394 1980 breuis
423 1952 488 1987 est,
515 1948 553 1980 in
579 1958 649 1990 qua
677 1953 712 1979 tu
740 1948 923 1980 arbitraris
950 1952 984 1979 et
1014 1948 1271 1991 frequentatum
1298 1949 1335 1980 in
1361 1948 1490 1980 litteris
1517 1949 1585 1981 iam

170 2021 295 2044 mones
328 2018 506 2044 aeternam
539 2023 619 2045 eSSe
651 2022 760 2056 posse
787 1992 1038 2045 eglamltaten‘l:
1083 2018 1231 2045 mortem
1263 2017 1377 2045 antem
1411 2012 1583 2045 malorum

171 2077 327 2109 omnium
363 2087 442 2109 esse
478 2076 583 2110 finem
611 2077 744 2109 habent
770 2077 914 2120 quidem
941 2082 1082 2109 uestrae
1108 2077 1261 2114 litterae,
1301 2077 1363 2109 sed
1391 2087 1457 2109 nee
1485 2077 1585 2119 ipsae

166 2150 312 2174 omnes:
350 2141 609 2185 Epicureorum
637 2146 691 2173 est
716 2141 848 2184 quippe
873 2142 941 2173 ista
967 2141 1144 2173 sententia
1167 2146 1202 2173 et
1228 2142 1258 2173 si
1285 2142 1345 2184 qui
1372 2141 1432 2173 alii
1458 2146 1584 2173 morta-

170 2205 242 2238 lem
268 2207 418 2239 animam
443 2211 568 2250 putant
576 2206 594 2239 ’.

289 2286 546 2322 PLVTABGHVS
574 2294 695 2321 contra
721 2289 868 2332 Epicuri
896 2288 1153 2321 beatitudinem
1181 2288 1227 2322 30
1252 2299 1287 2331 p.
1305 2285 1415 2322 1106ἀ
1442 2287 1487 2322 οὐ
1511 2287 1584 2330 μὴν

266 2438 287 2471 7
314 2437 504 2472 κωλύουσι
522 2438 624 2470 libri:
644 2448 731 2470 corr.
753 2438 965 2470 Meziriacus
1001 2438 1005 2479 Ι
1043 2438 1086 2470 10
1106 2437 1285 2470 antecedit
1303 2437 1343 2469 fr.
1359 2437 1428 2469 204
1452 2436 1457 2478 Ι
1480 2435 1583 2469 ἀναί-

169 2498 312 2539 σθητον
339 2497 400 2531 καὶ
424 2497 537 2531 λυθὲν
564 2497 669 2530 libri:
698 2507 787 2528 corr.
809 2497 1007 2529 Gatakerus
1028 2497 1070 2528 ad
1090 2497 1138 2529 M.
1158 2496 1349 2541 Aurelium
1372 2503 1411 2529 Vl
1435 2496 1488 2533 10,
1515 2495 1584 2527 nisi

167 2556 266 2599 quod
298 2566 370 2588 non
401 2547 495 2587 uidit
530 2556 566 2587 in
601 2556 661 2589 καὶ
693 2565 783 2588 uoce
816 2556 928 2588 latere
961 2555 1005 2589 τὸ
1038 2555 1126 2589 δια-.
1172 2556 1359 2599 respicitur
1390 2559 1480 2587 sent.
1509 2561 1534 2586 11
1581 2553 1585 2598 Ι

169 2615 214 2647 14
239 2615 346 2648 Hom.
374 2614 402 2648 Η
421 2613 467 2648 99
514 2611 520 2658 Ι
567 2614 610 2647 19
638 2614 777 2656 εὐτυχῆ
802 2617 899 2655 τοῖς
923 2614 969 2648 δὲ
996 2615 1143 2655 κακῶς
1168 2613 1430 2657 πράσσουσι
1456 2614 1583 2647 τελευ-

166 2672 238 2715 τὴν
256 2673 358 2706 libri:
377 2684 467 2707 corr.
483 2674 690 2715 Maduigius
710 2674 788 2706 adu.
808 2681 822 2706 1
841 2673 909 2707 675
950 2673 955 2715 1
995 2674 1036 2706 21
1060 2673 1196 2708 κωλύει
1213 2673 1317 2706 libri:
1338 2684 1403 2706 em.
1419 2673 1585 2716 Wytten-

169 2732 318 2764 bachius
369 2733 375 2775 ι
423 2733 468 2766 22
496 2733 763 2777 καταστρέφον
789 2732 969 2766 serebatur
