1846 3288
297 233 342 268 52
888 233 1126 280 [EPICVRI]

298 349 404 400 μέρη
435 350 528 391 τινὰ
559 349 654 400 ἤτοι
685 349 846 393 ἔξωθεν
879 351 1145 402 βιασαμένου
1183 351 1302 401 τινὸς
1334 350 1547 403 ῥεύματος
1577 352 1602 402 ἢ
1634 353 1711 402 τῆς

297 422 534 474 Θερμασίας
556 422 809 473 ἐπιτηδείων
830 423 980 474 πόρων
1002 423 1404 475 ἐπιλαμβανομένης
1426 423 1487 474 εἰς
1508 425 1558 465 τὸ
1579 426 1711 466 τοῦτο

297 493 641 546 ἀπεργάσασθαι.

413 567 599 618 Κομῆται
631 567 814 619 ἀστέρες
844 568 1035 617 γίνονται
1073 568 1168 619 ἤτοι
1198 569 1336 620 πυρὸς
1368 569 1416 611 ἐν
1445 569 1597 619 τόποις
1628 569 1713 610 τισὶ

298 641 368 682 διὰ
399 641 571 692 χρόνων
608 643 739 682 τινῶν
771 642 819 682 ἐν
850 643 940 691 τοῖς
973 642 1206 692 μετεώροις
1248 643 1608 694 συντρεφομένου
1640 657 1745 685 πε-.

298 714 545 765 ριστάσεως
589 714 832 764 γινομένης,
879 714 904 763 ἢ
942 713 1053 755 ἰδίαν
1099 714 1193 755 τινὰ
1230 714 1396 764 κίνησιν
1435 715 1504 756 διὰ
1543 715 1712 766 χρόνων

297 789 375 827 τοῦ
408 786 599 836 οὐρανοῦ
630 785 835 836 ἴσχοντος
866 785 973 837 ὑπὲρ
1004 786 1127 837 ἡμᾶς,
1159 786 1274 827 ὥστε
1297 787 1350 828 τὰ
1371 789 1551 829 τοιαῦτα
1573 786 1713 839 ἄστρα

299 858 576 910 ἀναφανῆναι
616 857 661 911 [ἢ
700 859 810 899 αὐτὰ
849 859 895 900 έν
932 859 1108 910 χρόνοις
1147 860 1258 900 τισὶν
1296 859 1484 910 ὁρμῆσαι
1521 860 1590 902 διά
1619 874 1714 902 τινα

298 931 552 982 περίστασιν
598 932 665 972 καὶ
704 931 764 981 εἰς
809 932 912 981 τοὺς
958 930 1049 972 καθ’
1092 931 1204 982 ἡμᾶς
1250 932 1414 983 τόπους
1460 933 1601 974 ἐλθεῖν
1646 933 1715 974 καὶ

299 1005 465 1055 ἐκφανῆ
498 1005 714 1053 γενέσθαι.
746 1004 823 1053 τήν
855 1017 899 1044 τε
934 1003 1142 1055 ἀφάνισιν
1173 1004 1342 1046 τούτων
1374 1005 1567 1055 γίνεσθαι
1599 1006 1714 1056 παρὰ

298 1077 376 1127 τὰς
408 1076 702 1127 ἀντικειμένας
733 1077 909 1127 ταύταις
942 1075 1113 1130 αἰτίας]

413 1149 516 1190 Τινά
554 1149 693 1200 ἄστρα
738 1149 1008 1200 στρέφεσθαι
1056 1149 1190 1190 αὐτοῦ
1228 1150 1453 1201 συμβαίνει
1489 1149 1540 1191 οὐ
1581 1150 1716 1200 μόνον

299 1226 359 1277 τῷ
391 1223 441 1263 τὸ
475 1223 605 1273 μέρος
642 1225 774 1263 τοῦτο
805 1225 882 1263 τοῦ
921 1222 1089 1272 κόσμου
1129 1222 1319 1273 ἑστάναι,
1364 1223 1459 1274 περὶ
1491 1223 1514 1264 ὃ
1546 1223 1596 1264 τὸ
1631 1225 1716 1265 λοι-

299 1296 383 1336 πὸν
406 1296 653 1345 στρέφεται,
686 1295 795 1336 καθά
825 1309 905 1346 περ
934 1296 1049 1345 τινές
1081 1305 1229 1347 φασιν,
1262 1295 1372 1336 ἀλλὰ
1404 1296 1473 1336 καὶ
1503 1300 1564 1350 τῷ
1595 1296 1716 1346 δίνην

300 1367 431 1418 ἀέρος
463 1368 672 1416 ἔγκυκλον
705 1369 822 1422 αὐτῷ
854 1369 1144 1419 περιεστάναι,
1177 1369 1201 1418 ἣ
1225 1369 1433 1419 κωλυτικὴ
1456 1369 1617 1417 γίνεται
1638 1371 1716 1411 τοῦ

298 1443 547 1491 περιπολεῖν
586 1441 647 1491 ὡς
679 1442 745 1482 καὶ
778 1443 829 1481 τὰ
862 1441 992 1482 ἄλλα·
1053 1442 1076 1492 ἢ
1111 1443 1178 1482 καὶ
1216 1442 1286 1482 διὰ
1316 1442 1366 1483 τὸ
1399 1442 1496 1492 ἑξῆς
1528 1442 1604 1492 μὲν
1643 1441 1716 1483 αὐ-

299 1515 391 1563 τοῖς
423 1513 529 1564 ὕλην
562 1514 806 1564 ἐπιτηδείαν
840 1515 892 1564 μὴ
927 1513 1046 1564 εἶναι,
1093 1515 1139 1555 ἐν
1172 1515 1219 1555 δὲ
1251 1514 1393 1568 τούτῳ
1424 1518 1485 1568 τῷ
1517 1515 1637 1569 τόπῳ
1670 1515 1717 1556 ἐν

302 1586 335 1639 ᾧ
365 1586 538 1637 κείμενα
577 1589 812 1637 Θεωρεῖται.
873 1587 942 1627 καὶ
980 1586 1068 1627 κατ’
1105 1586 1267 1637 ἄλλους
1306 1588 1353 1628 δὲ
1384 1588 1589 1637 πλείονας
1620 1586 1716 1637 τρό-

302 1673 412 1709 πους
454 1661 586 1700 τοῦτο
631 1660 819 1701 δυνατὸν
865 1661 1178 1710 συντελεῖσθαι,
1229 1659 1306 1701 ἐάν
1344 1673 1408 1710 τις
1450 1659 1628 1710 δύνηται
1667 1659 1717 1699 τὸ

301 1731 546 1782 σύμφωνον
576 1733 666 1781 τοῖς
699 1732 982 1782 φαινομένοις
1014 1731 1356 1780 συλλογίζεσθαι.

421 1869 443 1898 4
469 1866 553 1908 περὶ
580 1865 758 1907 κομήτων
786 1865 958 1908 ἀστέρων
998 1873 1162 1898 τινοιιιοΑ
1189 1867 1219 1897 F

426 1998 439 2029 1
472 1997 543 2031 ἔξω
571 1997 815 2039 βεβιασμένου
843 1999 887 2028 Ρι
923 1997 1060 2031 ἔξωθεν
1089 1997 1291 2038 βιασμένου
1318 1998 1355 2028 Η
1397 1996 1413 2040 {1
1454 1997 1476 2030 6
1503 1997 1527 2039 ἢ
1556 2008 1612 2029 om
1638 1997 1686 2029 Ff
1716 1995 1720 2041 Ι

302 2056 440 2099 χρόνον
467 2057 535 2088 ΒΗ
570 2055 584 2099 ΙΙ
619 2057 641 2089 S
666 2056 688 2097 ἣ
717 2056 812 2089 αὐτὰ
953 2057 996 2088 10
1020 2056 1213 2095 γενέσθαι;
1243 2056 1365 2087 eadem
1393 2056 1483 2087 ratio
1509 2056 1719 2098 proponitur

303 2127 394 2158 quae
425 2127 529 2158 supra
555 2126 587 2148 u.
616 2116 721 2147 4—6.
763 2116 945 2147 dissonam
978 2120 1186 2147 structuram
1223 2114 1325 2146 etiam
1358 2115 1518 2157 proxima
1542 2114 1719 2146 sententia

302 2185 387 2217 prae
416 2186 452 2206 se
483 2176 560 2206 sert.
601 2179 754 2206 ceterum
782 2179 894 2205 totum
922 2174 1016 2206 hunc
1044 2175 1089 2205 de
1116 2174 1262 2205 cometis
1290 2173 1408 2204 locum
1435 2178 1517 2214 post
1541 2183 1576 2215 p.
1596 2173 1653 2210 53,
1672 2171 1720 2204 22

303 2234 484 2265 conlocari
513 2233 681 2276 oportuit,
710 2234 752 2265 cs.
771 2234 945 2274 praefatio
980 2232 994 2275 u
1033 2233 1076 2264 10
1102 2231 1294 2274 ἀφάνησιν
1321 2231 1392 2273 ΒΗ
1416 2231 1516 2274 παρὰ
1533 2232 1571 2262 in
1589 2242 1655 2263 ras.
1672 2230 1720 2262 P2

303 2303 405 2335 παρα
433 2294 463 2334 Q
498 2291 512 2335 ss
551 2295 586 2325 11
620 2293 687 2332 τὰς
714 2290 982 2333 ἀντικειμένας]
1009 2291 1245 2333 παραστάντι
1272 2291 1456 2332 κειμέναις
1481 2289 1631 2331 B(P¹)Q,
1655 2289 1720 2320 sed

303 2350 511 2395 κειμένζαις]
540 2363 581 2383 ex
609 2362 668 2391 -ας
696 2362 785 2384 corr.
814 2351 859 2381 13²
884 2350 950 2391 τὰς
978 2350 1257 2390 ἀντικειμένως
1281 2348 1328 2381 Ρ2
1375 2347 1391 2395 Η
1444 2350 1486 2382 12
1511 2349 1596 2382 τινὰ
1622 2346 1719 2391 (τίνὰ

305 2412 355 2442 sic
374 2410 426 2451 H)
453 2410 730 2454 ἀναστρέφεται
756 2410 851 2442 libri.
888 2410 1117 2441 Homericum
1145 2409 1172 2442 Σ
1190 2410 1259 2442 488
1286 2409 1426 2451 ἄρκτον
1543 2408 1566 2449 ἤ
1593 2407 1626 2441 τ’
1654 2407 1718 2441 αὐ-

304 2472 374 2502 τοῦ
402 2469 605 2511 στρέφεται
633 2469 795 2511 exprimit
833 2469 837 2511 ῑ
878 2467 1012 2512 αὐτοῦ]
1039 2470 1174 2501 αὐτοῦ·
1204 2467 1224 2500 ὃ
1251 2467 1334 2499 libri
1388 2465 1404 2510 ΙΙ
1465 2467 1506 2500 13
1532 2466 1580 2500 τὰ
1606 2465 1719 2500 λοιπὰ

306 2528 546 2559 Schneiderus
585 2527 599 2570 ΙΙ
642 2528 685 2560 14
711 2526 931 2571 στρέφεται]
957 2527 1236 2569 ἀναστρέφεται
1263 2525 1364 2557 HP²s
1393 2525 1652 2568 ἀναγράφεται
1679 2522 1721 2568 Η

305 2585 385 2628 ‘mm
414 2598 456 2617 ex
479 2587 523 2619 τὸ
552 2597 629 2618 corr
649 2587 677 2617 B
701 2585 705 2630 Ι
730 2587 835 2628 δῖνην
855 2586 898 2616 1³¹
927 2584 1099 2629 δ[ί]ν[η1ν
1119 2587 1148 2616 Β
1178 2584 1272 2619 δίνιν
1292 2584 1334 2616 Ρ1
1370 2581 1387 2629 ΙΙ
1425 2585 1464 2618 15
1492 2584 1673 2618 ἐνκυκλον
1690 2584 1719 2615 Β

306 2645 488 2678 ἔοκυκλον
514 2644 559 2675 Ρι
586 2645 768 2678 ἔκκυκλον
794 2646 825 2686 Q
860 2645 866 2686 Ι
900 2644 923 2686 ἣ
953 2656 994 2676 ex
1021 2645 1043 2686 ἢ
1072 2655 1149 2676 corr
1174 2645 1211 2675 H
1246 2646 1251 2683 1
1286 2642 1518 2689 κω[λυτηκὴ]
1546 2642 1608 2687 H!
1638 2642 1719 2685 τοῦ]

306 2706 360 2736 τὼ
380 2705 432 2735 H¹
467 2703 482 2746 Η
518 2704 563 2736 16
588 2705 648 2737 καὶ
675 2710 755 2735 ame
782 2704 841 2737 διὰ
870 2715 926 2736 om
945 2705 973 2735 F
996 2705 1001 2746 1
1025 2702 1164 2746 αὐτοῖς,1
1184 2703 1300 2745 αὐτῆς
1313 2703 1386 2734 H¹f
1416 2703 1431 2746 ss
1468 2702 1510 2735 13
1536 2702 1576 2737 δὲ
1595 2712 1652 2733 om
1673 2701 1689 2732 f
1710 2699 1720 2746 g}

309 2762 352 2796 19
379 2763 536 2796 δύναται
562 2764 591 2795 F
