1842 3250
141 947 174 971 10

143 1270 174 1297 15

102 1430 172 1464 512

692 241 768 272 BP}
776 240 898 272 CVRI
925 239 1112 271 ETHICA
1541 237 1611 272 315

195 354 422 389 PORPHYmo
454 355 499 387 ad
532 355 659 388 Horat.
695 364 750 397 ep.
777 361 790 388 1
826 354 881 394 17,
906 354 949 388 41
993 354 1069 386 ‘aut
1100 354 1211 386 uirtus
1243 363 1372 385 nomen
1405 353 1510 384 inane
1545 350 1614 396 est]

195 420 325 453 nomeh
351 420 456 452 inane
484 429 681 462 uanumque
713 429 791 452 esse
817 419 983 452 uirtutem
1001 417 1180 462 Epicurus
1207 418 1296 450 dixit
1321 417 1365 449 ad
1391 417 1614 460 uoluptatem

194 484 353 517 referens
382 483 551 516 uniuersa
575 493 664 526 quae
692 482 869 516 facimus’.

195 546 408 582 CORMENTA
438 546 589 581 chnu
621 554 662 580 lx
690 547 759 581 563
786 559 819 591 p.
850 548 930 586 304,
948 547 969 580 2
995 547 1180 591 ‘Epicurei
1216 547 1292 578 sine
1320 533 1519 578 substant-ia
1545 546 1614 578 uir-

195 617 306 646 tutem
332 623 412 645 esse
442 613 563 645 dicunt
589 622 790 655 uanumque
825 612 857 644 ei
885 621 1025 649 nomen,
1062 617 1096 644 et
1121 611 1205 643 ideo
1238 611 1413 643 neminem
1438 621 1549 655 posse
1574 621 1614 643 ex

196 682 389 720 praecepto
417 677 619 710 Stoicorum
647 678 844 720 sapientem
871 676 957 714 fieri,
986 677 1049 708 sed
1076 681 1210 715 tantum
1238 674 1432 718 polliceri'.

196 739 397 775 LVCIANVS
432 742 488 773 bis
521 752 637 775 accus.
665 742 707 774 21
743 741 806 773 ubi
839 741 1016 784 Epicurus
1049 741 1126 783 ipse
1159 740 1327 783 Dionysii
1358 739 1616 771 Metathemeni

196 816 357 838 caussam
383 805 471 846 agit:
498 805 570 847 τὴν
596 804 699 847 παρὰ
723 806 864 847 ταύτης
890 804 975 846 (τῆς
1000 804 1138 846 Στοᾶς)
1164 803 1299 846 ἀηδίαν
1328 804 1529 845 μυσαχθεὶς
1555 803 1615 837 καὶ

196 872 245 913 ἥν
279 879 397 914 φησιν
436 870 496 904 ἐπὶ
529 860 724 913 κεφαλαίῳ
760 871 840 903 τῶν
876 869 1007 903 πόνων
1043 867 1284 910 εὐδαιμονίαν
1320 867 1617 911 παραγίγνεσθαι

196 937 314 979 λῆρον
343 935 495 979 οἰηθείς.

197 1001 401 1034 ARRIANVS
427 1000 544 1043 Epict.
566 1000 708 1032 dissert.
731 1005 758 1031 11
779 998 836 1036 20,
854 998 899 1031 25
927 998 1015 1039 λάβε
1043 1000 1122 1039 νῦν,
1151 999 1232 1038 πῶς
1257 997 1280 1037 ἡ
1308 996 1528 1037 δικαιοσύνη
1556 995 1617 1029 οὐ·

198 1065 261 1099 δέν
288 1065 380 1107 ἐστι,
416 1067 498 1106 πῶς
524 1064 546 1106 ἡ
576 1063 693 1104 αἰδὼς
718 1062 839 1106 μωρία
869 1061 958 1104 ἐστι’,
1002 1064 1084 1103 πῶς
1111 1061 1237 1103 πατὴρ
1262 1060 1374 1095 οὐδέν
1406 1061 1496 1102 ἐστι,
1537 1061 1619 1100 πῶς

199 1130 220 1165 ὁ
247 1129 327 1171 υἱὸς
352 1129 466 1164 οὐδέν
492 1129 604 1163 ἐστιν.

198 1193 398 1229 Hmnmvs
423 1194 545 1227 Photii
565 1193 655 1226 bibl.
676 1193 755 1226 cod.
774 1192 843 1226 243
871 1204 905 1236 p.
927 1191 1014 1225 356³
1037 1192 1079 1224 13
1105 1190 1246 1233 οἴχεται
1275 1191 1342 1232 μὲν
1369 1189 1485 1232 ἀρετὴ
1514 1191 1620 1223 πᾶσα

197 1262 278 1301 τοῖς
303 1258 525 1301 Ἐπικούρου
559 1258 685 1300 λόγοις
718 1258 778 1291 καὶ
811 1257 1007 1298 δόγμασιν,
1048 1256 1191 1298 οἴχεται
1227 1256 1267 1289 δὲ
1304 1253 1526 1297 δικαστήρια
1559 1254 1619 1287 καὶ

199 1324 346 1369 κρίσεις.
374 1325 434 1358 καὶ
460 1325 539 1358 τῶν
567 1324 634 1365 μὲν
662 1322 816 1364 ἀγαθῶν
841 1322 877 1357 αἱ
898 1321 1010 1364 τιμαί,
1040 1323 1120 1354 τῶν
1140 1321 1180 1355 δὲ
1201 1319 1384 1355 ἐναντίων
1402 1319 1447 1353 τὸ
1465 1317 1625 1367 τίμημαῗ

310 1416 552 1469 προσπτύω
583 1420 645 1472 τῷ
677 1418 795 1471 καλῷ
828 1416 897 1457 καὶ
935 1416 1025 1465 τοῖς
1065 1415 1203 1464 κενῶς
1236 1411 1344 1453 αὐτὸ
1376 1410 1618 1462 θαυμάζου-

198 1499 280 1542 σιν,
311 1488 417 1532 ὅταν
450 1488 661 1540 μηδεμίαν
691 1486 856 1539 ἡδονὴν
886 1490 999 1541 ποιῇ.

201 1563 440 1596 ATHENAEVS
467 1570 522 1596 ΧΠ
549 1574 584 1606 p.
599 1563 688 1595 547·
714 1561 782 1595 κάν
808 1564 863 1605 τῷ
890 1560 984 1604 Περὶ
1010 1560 1143 1599 τέλους
1170 1559 1210 1592 δὲ
1237 1557 1349 1591 πάλιν
1377 1555 1471 1599 φησί
1499 1582 1617 1589 .....

142 1639 159 1656 ⁹
202 1627 260 1673 [sr.
280 1626 355 1672 70].
395 1627 464 1662 κάν
492 1629 617 1669 ἄλλοις
644 1627 683 1661 δέ
710 1636 805 1670 φησι
832 1625 1081 1669 προσπτύω
1110 1651 1146 1658 ,.
1167 1651 1201 1657 ..
1229 1624 1348 1665 ποιῇ.

202 1691 459 1726 ΡΙΝΤΑΒοΗνε
486 1692 566 1725 adu.
595 1692 749 1725 Coloten
775 1691 819 1724 30
847 1701 879 1734 p.
902 1689 1011 1723 1124υ
1038 1688 1130 1722 ὅταν
1160 1714 1165 1721 ,
1187 1715 1193 1720 .
1215 1714 1220 1720 .
1244 1714 1251 1720 .
1280 1686 1426 1729 σοφοὺς
1452 1671 1621 1726 ἡγῶνται

201 1758 293 1799 τοὺς
319 1760 381 1801 τῷ
411 1759 530 1801 καλῷ
559 1756 936 1800 προσπτύοντας,
965 1755 1016 1788 ἂν
1044 1752 1188 1795 ἡδονὴ
1217 1752 1272 1793 μὴ
1295 1748 1460 1793 προσῇ.

203 1822 298 1854 idem
325 1823 369 1854 de
395 1822 535 1854 occulte
563 1821 719 1853 uiuendo
749 1821 769 1853 4
794 1832 829 1864 p.
851 1818 961 1853 1129¹²
999 1817 1165 1861 Λεοντίῳ
1193 1816 1434 1858 συγκαταζῆν
1463 1815 1532 1848 καὶ
1559 1815 1620 1856 τῷ

204 1889 322 1930 καλῷ
355 1886 641 1930 προσπτύειν
676 1886 734 1919 καὶ
766 1883 935 1926 τάγαθὸν
969 1884 1009 1917 ἐν
1044 1883 1152 1925 σαρκὶ
1183 1882 1242 1915 καὶ
1275 1881 1544 1923 γαργαλισμοῖς
1569 1876 1620 1911 τί-

145 1962 160 1977 0
204 1953 344 1985 Θεσθαι.

146 2287 179 2312 30

108 2434 179 2468 513

206 2017 284 2050 adu.
312 2016 467 2048 Coloten
492 2016 513 2048 2
538 2027 571 2059 p.
595 2014 703 2047 11080
742 2013 777 2048 οἱ
809 1997 893 2056 περὶ
926 2011 1092 2054 γαστέρα
1125 2009 1294 2050 τάγαθὸν
1321 2009 1417 2043 εἶναι
1446 2009 1620 2050 βοῶντες,

204 2080 275 2115 οὐκ
302 2081 348 2114 ἂν
374 2082 415 2115 δὲ
440 2080 508 2122 τὰς
535 2079 671 2124 ἀρετὰς
697 2080 793 2120 ὁμοῦ
826 2078 950 2118 πάσας
983 2075 1214 2118 τετρημένου
1242 2075 1383 2116 χαλκοῦ
1412 2071 1621 2115 πριάμενοι,

206 2144 290 2188 δίχα
314 2146 384 2187 τῆς
408 2144 550 2188 ἡδονῆς
576 2144 700 2185 πάσας
726 2128 964 2184 πανταχόθεν
992 2138 1235 2180 ἑξελαθείσας.

206 2214 329 2243 contra
353 2210 499 2254 Epicuri
532 2209 706 2243 beatitud.
737 2209 777 2242 13
806 2219 839 2250 p.
863 2204 970 2240 1095s
1007 2205 1092 2247 osne<
1108 2205 1339 2246 ὁμολογοῦσι
1368 2202 1408 2235 δὲ
1435 2203 1490 2244 τῷ
1519 2201 1621 2243 καλῷ

206 2277 384 2317 πολεμεῖν
414 2274 484 2309 τὸν
517 2274 711 2308 ἄσπονδον
738 2272 798 2305 καὶ
826 2270 1040 2313 ἀκήρυκτον
1066 2269 1251 2310 πόλεμον;
1292 2265 1325 2300 εἰ
1353 2266 1393 2299 δὲ
1421 2265 1471 2307 μὴ
1501 2263 1622 2306 ἡδονὴ

206 2337 400 2381 πρόσεστι,
424 2336 461 2371 τί
488 2336 627 2378 σεμνὸν
654 2336 715 2370 καὶ
744 2334 925 2376 καθάριον
952 2332 1187 2367 ἀσπάζονται
1214 2331 1274 2364 καὶ
1302 2330 1517 2371 ἀγαπῶσιν;

330 2430 530 2463 ARmANVS
556 2430 672 2472 Epict.
700 2428 785 2460 diss,
814 2434 839 2459 11
870 2425 927 2464 22,
949 2425 990 2457 21
1020 2427 1136 2458 τοῦτο
1163 2423 1235 2466 γάρ
1265 2432 1326 2464 μοι
1353 2419 1531 2462 συνοίσει,
1558 2430 1623 2462 τη-

210 2497 286 2538 ρεῖν
313 2494 382 2528 τὸν
409 2494 557 2536 πιστόν,
590 2493 658 2527 τὸν
685 2491 882 2534 αἰδήμονα,
909 2491 976 2524 τὸν
1003 2488 1211 2529 ἀνεκτικὸν,
1239 2487 1305 2521 τὸν
1333 2486 1538 2528 ἀφεκτικὸν
1564 2485 1624 2518 καὶ

211 2559 495 2602 συνεργητικόν,
523 2557 733 2601 φυλάσσειν
760 2556 827 2596 τὰς
857 2554 1012 2598 σχέσεις.
1041 2554 1086 2587 ἂν
1114 2553 1145 2586 δ’
1174 2552 1339 2594 ἀλλαχοῦ
1367 2551 1433 2593 μὲν
1460 2549 1625 2592 ἐμαυτὸν

336 2708 378 2742 17
407 2708 451 2741 cs.
480 2708 522 2742 fr.
541 2707 587 2741 70
620 2704 627 2752 1
665 2706 706 2739 21
737 2705 821 2739 uide
848 2704 890 2737 fr.
909 2701 978 2736 368
1004 2713 1038 2747 p.
1057 2701 1177 2742 248‚7
1216 2703 1221 2743 Ι
1260 2699 1307 2733 28
1332 2698 1456 2743 πάσης
1482 2717 1522 2722 -
1550 2697 1624 2734 ἐξε-

209 2767 386 2811 λαθείσης
411 2767 495 2799 libri
