1846 3288
301 223 348 258 70

420 334 677 369 PLVTARcuvs
704 335 783 368 ndu.
810 334 964 367 Coloten
991 335 1032 368 31
1064 346 1096 376 p.
1122 334 1229 367 11252
1271 334 1342 376 τὴν
1368 334 1526 378 πρώτην
1553 336 1629 369 κῶν
1657 347 1719 372 κυ-

302 394 501 440 ριωτάτιυν
533 395 654 429 δοξῶν
682 392 787 438 [sent.
806 391 835 437 1]
863 392 1143 436 προσλαβόντες
1178 392 1290 433 εὐθὺς
1325 392 1604 436 ἀνατρέπουσιν
1635 394 1720 437 (τὴν

301 452 522 496 πολιτείαν).

422 521 618 556 chxmvs
648 521 847 554 Alexandri
874 531 903 553 c.
923 521 967 554 47
995 520 1035 554 ἓν
1061 523 1155 562 γοῦν
1183 521 1242 555 καὶ
1269 521 1514 561 γελοιότατον
1542 521 1720 565 ἐποίησεν

301 583 322 617 ὁ
349 581 606 623 Ἀλέξανδρος·
636 580 757 623 εὑρὼν
785 579 857 622 γὰρ
884 579 952 620 τὰς
975 578 1198 622 Ἐπικούρου
1225 577 1358 621 Κυρίας
1384 579 1502 621 δόξας,
1528 580 1573 614 τὸ
1600 580 1720 615 κάλλι-

303 649 395 675 στον
423 640 473 681 ὼς
500 640 610 674 οἶσθα
643 641 721 672 τῶν
749 636 898 680 βιβλίων
930 638 990 671 καὶ
1023 638 1297 680 κεφαλαιωδῶς
1327 639 1502 681 περιέχον
1534 642 1603 681 τῆς
1633 640 1721 674 τάν-

303 698 391 742 δρὸς
417 698 553 740 σοφίας
578 698 627 732 τὰ
657 698 838 739 δόγματα,
869 696 1026 739 κομίσας
1057 696 1108 738 εἰς
1141 697 1212 739 τὴν
1240 697 1382 740 ἀγορὰν
1409 697 1529 741 μέσην
1563 699 1721 733 ἔκαυσεν

303 759 363 793 ἐπὶ
397 758 518 792 ξύλων
551 755 716 791 συκίνων
745 782 864 798 ......
905 755 986 790 οὐδ’
1014 755 1124 797 εἰδὼς
1150 756 1170 790 ὁ
1198 756 1411 799 κατάρατος
1436 755 1539 790 ὅσων
1567 756 1722 798 ἀγαθῶν

300 817 346 852 τὸ
374 816 512 859 βιβλίον
544 816 663 850 ἐκεῖνο
688 819 767 856 τοῖς
795 816 1090 858 ἐντυγχάνουσιν
1118 815 1238 849 αἴτιον
1264 813 1432 856 γίγνεται
1458 816 1518 849 καὶ
1544 816 1639 859 ὅσην
1658 817 1722 851 αὐ-

301 879 381 917 τοῖς
406 874 559 918 εἰρήνην
587 876 646 909 καὶ
674 873 876 918 ἀταραξίαν
909 876 970 910 καὶ
1003 872 1218 917 ἐλευθερίαν
1246 873 1494 917 ἐνεργάζεται,
1536 875 1723 917 δειμάτων

302 935 370 976 μὲν
389 935 448 968 καὶ
468 933 680 976 φασμάτων
708 935 768 967 καί
794 933 966 976 τεράτων
993 932 1246 967 ἀπαλλάττων
1271 934 1332 967 καὶ
1360 932 1523 968 ἐλπίδων
1553 933 1723 975 ματαίων

302 994 363 1027 καὶ
389 995 578 1036 περιττῶν
605 992 823 1034 ἐπιθυμιῶν,
856 995 950 1027 νοῦν
977 991 1017 1027 δέ
1045 993 1105 1026 καί
1131 991 1310 1034 ἀλήθειαν
1338 991 1482 1027 ἐντιθὲν
1509 994 1569 1027 καὶ
1596 995 1723 1028 καθαῖ-

301 1063 370 1096 ρον
398 1053 448 1093 ὡς
475 1052 625 1095 ἀληθῶς
654 1051 721 1093 τὰς
747 1052 900 1093 γνώμας
934 1051 1016 1093 οὐχὶ
1050 1051 1134 1094 δᾳδὶ
1161 1052 1221 1084 καὶ
1249 1050 1378 1095 σκίλλῃ
1406 1051 1465 1085 καὶ
1491 1055 1572 1093 ταῖς
1597 1052 1723 1087 τοιαύ-

302 1123 382 1152 ταις
410 1111 619 1154 φλυαρίαις,
648 1111 741 1145 ἀλλὰ
768 1111 870 1155 λόγῳ
899 1110 1001 1154 ὀρθῷ
1029 1111 1090 1144 καὶ
1115 1109 1273 1154 ἀληθείᾳ
1301 1111 1360 1144 καί
1387 1110 1587 1154 παρρησίᾳ.

423 1179 617 1213 [,Αι·;ιιτινε
643 1179 842 1214 onomms
869 1189 894 1214 x
920 1181 962 1213 31
994 1179 1033 1214 ἐν
1060 1179 1190 1214 τοίνυν
1218 1182 1273 1223 τῷ
1304 1179 1438 1214 Κανόνι
1464 1180 1564 1221 λέγει
1590 1181 1609 1214 ὁ
1628 1179 1722 1214 Ἐπί-

302 1249 439 1282 κουρος
466 1239 636 1282 κριτήρια
668 1240 737 1282 τῆς
770 1238 946 1282 ἀληθείας
979 1239 1073 1273 εἶναι
1107 1238 1175 1280 τὰς
1211 1237 1402 1281 αἰσθήσεις
1427 1240 1488 1273 καὶ
1514 1239 1724 1283 προλήψεις

302 1298 363 1332 καὶ
388 1297 435 1332 τὰ
461 1298 575 1342 πάθη,
604 1298 639 1332 οἱ
668 1297 699 1332 δ’
719 1298 964 1342 Ἐπικούρειοι
990 1299 1050 1332 καί
1076 1298 1144 1339 τὰς
1170 1298 1430 1340 φανταστικὰς
1456 1297 1631 1341 ἐπιβολὰς
1655 1301 1724 1341 τῆς

304 1356 480 1398 διανοίας.
511 1358 610 1399 λέγει
637 1358 677 1392 δέ
703 1359 763 1391 καὶ
791 1358 831 1392 ἐν
858 1360 905 1401 τῇ
931 1357 1027 1400 πρὸς
1044 1357 1249 1401 Ἡρόδοτον
1275 1357 1434 1402 ἐπιτομῇ
1464 1355 1497 1403 [§
1517 1358 1573 1391 38.
1592 1359 1639 1392 50
1653 1356 1722 1403 sq.]

303 1417 362 1450 καὶ
391 1416 431 1450 ἐν
457 1419 538 1457 ταῖς
565 1416 713 1460 Κυρίαις
738 1417 864 1458 δόξαις
893 1415 1000 1461 [sent.
1020 1415 1142 1461 xwa.
1629 1408 1633 1412 ’

424 1487 626 1521 ALCIPHRO
647 1489 748 1531 epist.
767 1496 796 1521 11
816 1489 849 1528 2,
870 1488 891 1521 2
918 1488 1100 1521 Leontion
1127 1488 1340 1520 scribentem
1366 1487 1410 1520 ad
1434 1487 1594 1519 Lamiam
1620 1487 1721 1519 facit:

304 1546 407 1590 μέχρι
433 1546 536 1587 τίνος
565 1548 744 1589 ὑπομενεῖ
769 1558 823 1589 τις
849 1547 918 1582 τὸν
945 1548 1162 1590 φιλόσοφον
1188 1549 1345 1586 τοῦτον;
1388 1545 1505 1588 ἐχέτω
1531 1546 1579 1580 τὰ
1605 1546 1723 1589 Περὶ

303 1605 488 1648 φύσεως
514 1607 574 1640 καὶ
600 1606 668 1647 τὰς
686 1604 850 1650 Κυρίας
876 1606 1013 1648 δόξας
1035 1606 1097 1641 καὶ
1122 1605 1213 1647 τοὺς
1239 1605 1558 1649 διεστραμμένους
1586 1605 1722 1639 Κανό-

303 1675 400 1706 νας,
429 1664 492 1707 ἑμέ
512 1665 553 1699 δέ
572 1664 705 1707 ἀφέτω
731 1665 801 1707 τὴν
828 1668 1000 1708 φυσικῶς
1025 1664 1158 1709 κυρίαν
1187 1664 1351 1707 ἐμαυτῆς
1377 1664 1645 1707 ἀστομάχητον
1663 1665 1724 1699 καὶ

304 1722 530 1767 ἀνύβριστον
565 1730 599 1757 et
631 1725 680 1758 ib.
708 1725 728 1758 ’7
756 1726 975 1759 κολακεύειν
1010 1724 1128 1759 αὐτὸν
1162 1724 1223 1758 καὶ
1255 1725 1456 1765 καθυμνεῖν
1487 1723 1554 1765 τὰς
1585 1724 1723 1767 ὑπηνέ-
1747 1736 1763 1761 5

304 1792 398 1823 μους
424 1782 543 1817 αὐτοῦ
570 1782 704 1825 Δόξας.

473 1864 494 1896 2
521 1862 580 1908 τὰ]
606 1865 717 1906 uolgo
743 1864 812 1906 τὰς
852 1863 867 1907 ΙΙ
910 1864 931 1897 3
957 1865 1018 1899 καί
1043 1863 1123 1907 τὰς]
1153 1864 1272 1898 αὐτοῦ
1297 1864 1393 1898 Iibri.

424 1945 624 1979 AELmnvs
649 1945 694 1977 de
720 1945 951 1988 prouidentia
978 1946 1018 1977 fr.
1039 1946 1081 1979 61
1111 1945 1224 1988 (Suid.
1242 1957 1276 1979 u.
1295 1944 1512 1989 Ἐπίκουρος
1530 1950 1564 1979 et
1582 1946 1723 1990 κλάειν)

305 2004 380 2046 εἶχε
412 2004 452 2038 δέ
487 2004 558 2047 ἄρα
591 2005 636 2038 τὸ
669 2003 808 2047 βιβλίον
840 2004 909 2045 τὰς
935 2003 1155 2048 Ἐπικούρου
1190 2005 1314 2045 Δόξας
1346 2004 1389 2046 ἃς
1424 2005 1559 2039 ἐκεῖνοι
1592 2004 1726 2048 Κυρίας

304 2063 407 2097 οὕτω
435 2065 625 2106 καλοῦσιν,
651 2063 872 2107 Ἐπικούρου
899 2063 996 2098 κακὰ
1016 2063 1272 2107 γνωρίσματα.
1300 2064 1340 2098 ἐν
1368 2062 1426 2105 αἷς
1450 2065 1522 2107 ἄρα
1549 2064 1609 2098 καὶ
1636 2065 1725 2099 τόδε

305 2121 363 2165 ἢν,
402 2122 460 2156 ὅτι
492 2122 538 2156 τὸ
566 2124 642 2156 πᾶν
673 2123 830 2166 φέρεται
862 2123 959 2167 τύχῃ
992 2121 1076 2164 τινί,
1116 2123 1161 2157 οὐ
1198 2123 1270 2165 μὴν
1305 2122 1481 2166 βουλήσει
1516 2124 1577 2157 καὶ
1608 2123 1726 2167 κρίσει

305 2181 405 2215 θεοῦ.
437 2194 473 2210 *ι
496 2181 638 2222 ταύτας
665 2182 706 2216 δέ
730 2181 799 2223 τὰς
826 2182 1085 2225 θρυλουμένας
1111 2181 1275 2224 ἀτόμους
1300 2183 1564 2225 πληττομένας
1582 2183 1643 2217 ὑπ’
1663 2182 1725 2217 ἀλ·
1749 2195 1766 2221 5

305 2238 442 2282 λήλων,
483 2241 564 2274 εἶτα
597 2240 856 2283 ἀφισταμένας
893 2254 931 2269 ι·
963 2241 1002 2275 ἐκ
1036 2241 1187 2275 τούτων
1220 2239 1387 2282 γίνεσθαι
1420 2240 1523 2285 ἀέρα,
1562 2243 1635 2284 γῆν
1666 2243 1726 2276 καὶ

306 2298 506 2332 θάλατταν.
551 2300 631 2334 εἶτα
659 2299 876 2334 διαλύεσθαι
901 2300 970 2341 τὰς
996 2298 1209 2342 συγκρίσεις
1235 2300 1295 2333 καὶ
1323 2300 1521 2342 συνόδους,
1547 2301 1607 2335 καί
1633 2311 1726 2335 παν-

304 2359 424 2398 τελῶς
458 2357 707 2400 ἀφανίζεσθαι
740 2357 792 2400 εἰς
824 2359 1001 2402 ἀτόμους.
1049 2359 1233 2403 φέρεσθαι
1265 2358 1306 2392 δὲ
1332 2358 1413 2402 εἰκῇ
1439 2359 1486 2392 τὰ
1513 2358 1639 2393 πάντα
1666 2360 1726 2393 καὶ

306 2416 359 2457 ὡς
384 2416 527 2459 ἔτυχεν,
569 2416 614 2451 οὐ
646 2418 720 2460 μὴν
746 2417 788 2451 ἐκ
814 2419 882 2460 τῆς
917 2420 986 2452 τοῦ
1022 2420 1185 2460 ποιητοῦ
1220 2416 1367 2459 σοφίας.
1415 2418 1495 2451 εἶτα
1528 2418 1586 2452 ὅτι
1619 2417 1726 2459 ἐκτὸς

306 2473 488 2518 προνοίας
513 2475 675 2518 φύρεται
701 2476 838 2518 πάντα,
870 2477 961 2511 οὔτε
989 2476 1224 2520 κυβερνήτην
1249 2476 1338 2510 οὔτε
1365 2475 1521 2519 ἰθυντήν
1539 2477 1628 2512 οὔτε
1645 2486 1725 2511 ποι·
1751 2490 1784 2514 ιο

308 2533 403 2575 μένα
431 2534 580 2575 ἔχοντα.
607 2560 763 2570 .......
791 2535 813 2570 ὁ
841 2535 882 2570 δὲ
907 2535 1026 2577 θύσας
1050 2535 1257 2581 Ἐπικούρῳ
1283 2536 1342 2570 καὶ
1369 2535 1505 2577 Δόξαις
1530 2538 1612 2577 ταῖς
1635 2533 1725 2572 ἑκεί-

308 2602 378 2627 νου
404 2593 530 2628 κλάειν
558 2594 674 2635 ἔλεγε.

476 2675 499 2708 4
526 2674 584 2709 ὅτι
610 2675 832 2708 Hercherus:
867 2675 926 2711 ὅτι
952 2676 1014 2710 καὶ
1038 2675 1127 2711 τόδε
1153 2676 1239 2709 libri
1292 2676 1308 2720 n
1361 2674 1384 2710 7
1409 2675 1477 2717 τὰς
1503 2673 1728 2720 ἀνακράσεις

357 2733 442 2767 libri
481 2733 497 2778 l!
539 2735 560 2769 9
588 2732 712 2780 ἐκτὸς]
739 2734 780 2769 ἐκ
805 2735 902 2770 libri.
