1842 3250
198 1719 267 1751 279

291 229 357 262 198
766 228 973 260 EPICVRI
999 230 1216 262 PHYSICA

291 343 328 383 Α,
357 342 496 384 ὁμοίως
524 343 563 376 δὲ
591 343 650 376 καὶ
677 343 717 375 ἐν
744 345 798 386 τῷ
827 342 864 381 Β,
892 342 1031 384 ὁμοίως
1058 343 1097 376 δὲ
1125 343 1185 376 καὶ
1212 343 1252 376 ἐν
1279 347 1334 387 τῷ
1362 344 1393 378 Γ.
1421 344 1513 378 ἀλλὰ
1540 347 1600 379 καὶ
1627 349 1697 380 κεῖ-

287 418 347 441 ται
382 409 561 441 κινεῖσθαι
593 407 654 440 ἐπὶ
686 409 754 448 τῆς
787 406 1032 450 συγκειμένης
1063 407 1104 441 ἐκ
1137 409 1216 441 τῶν
1243 407 1336 450 ΑΒΓ,
1378 409 1472 449 ῶςτε
1498 409 1594 443 κατὰ
1622 412 1698 444 πᾶν

288 472 399 514 μέρος
435 472 600 514 ἠρεμοῦν
629 473 696 512 τῆς
723 470 806 504 ΑΒΓ
835 472 962 504 πᾶσαν
994 469 1106 504 οὐδὲν
1141 470 1257 512 ἧττον
1293 471 1415 514 διήξει.
1470 472 1568 514 ὅλως
1600 474 1641 508 δὲ
1668 474 1700 509 εἰ

289 536 354 576 μὲν
388 534 447 576 ἐφ’
477 534 639 568 ἑκάστου
673 536 751 567 τῶν
785 534 936 576 ἀμερῶν
971 532 1113 576 κίνησις
1145 535 1299 577 ὑπάρξει
1333 538 1388 579 τῷ
1416 535 1456 577 Ω,
1496 538 1577 577 πῶς
1611 537 1699 579 ἔχον

288 600 432 641 κίνησιν
460 599 505 632 οὐ
534 598 742 640 κινήσεται;
787 598 818 632 εἰ
846 599 877 631 δ’
905 598 976 640 οὐχ
1007 598 1161 640 ὑπάρξει
1194 598 1337 641 κίνησις
1372 599 1449 634 ἀλλ’
1480 600 1624 644 ἠρεμία,
1664 602 1700 636 ἐξ

289 663 441 706 ἠρεμίας
467 664 490 705 ἡ
520 662 663 705 κίνησις
690 662 973 705 συντεθὴσεται.

289 727 512 762 SIMPLICIVS
540 728 575 759 in
602 728 754 759 eundem
781 727 898 758 locum
928 727 949 759 f.
970 726 1056 759 218⁰
1076 727 1096 759 3
1125 726 1254 768 ἐπάγει
1283 727 1323 761 δὲ
1349 728 1408 761 καὶ
1436 729 1525 762 ἄλλο
1554 729 1700 763 ἄτοπον

290 792 525 826 ἀκολουθοῦν
559 791 680 834 ταύτῃ
712 793 759 833 τῇ
792 790 987 831 ὑποθέσει,
1026 790 1070 823 τὸ
1107 790 1324 832 κεκινῆσθαί
1357 801 1392 824 τι
1427 792 1475 833 μὴ
1512 792 1701 836 πρότερον

289 857 523 898 κινούμενον,
552 854 634 889 οἷον
663 855 895 897 βεβαδικέναι
920 865 955 888 τι
983 855 1032 896 μή
1059 855 1247 897 πρότερον
1276 854 1442 896 βαδίσαν.
1489 859 1607 890 κεῖται
1633 857 1701 898 μὲν

289 922 359 964 γὰρ
386 922 565 955 κινεῖσθαι
590 921 635 953 τὸ
658 919 686 952 Ω
705 920 776 961 τὴν
796 918 889 952 ΔΕΖ
917 918 1063 961 κίνησιν
1092 919 1152 952 ἐπὶ
1177 922 1247 953 τοῦ
1275 919 1357 953 ΑΒΓ
1386 920 1584 961 μεγέθους·
1613 921 1702 956 οὔτε

290 987 329 1020 δὲ
356 987 415 1019 επὶ
441 988 510 1019 τοῦ
538 985 564 1018 Α
594 987 758 1025 κινεῖται,
800 983 991 1025 κεκίνηται
1016 985 1087 1026 γὰρ
1116 984 1172 1017 ἐπ’
1204 985 1335 1025 αὐτοῦ,
1364 985 1452 1018 οὔτε
1480 985 1540 1018 ἐπὶ
1566 988 1636 1019 τοῦ
1663 985 1701 1028 Β,

290 1050 427 1091 ὁμοίως
461 1050 501 1083 δέ
535 1049 624 1083 οὐδὲ
659 1049 719 1082 ἐπὶ
752 1051 820 1082 τοῦ
854 1048 892 1082 Γ·
935 1048 1005 1089 τὴν
1039 1048 1131 1091 ὅλην
1168 1049 1239 1090 ἄρα
1276 1048 1420 1091 κίνησιν
1458 1051 1703 1092 κεκινημένον

291 1116 393 1150 ἔσται
424 1114 472 1156 μὴ
501 1114 724 1155 κινούμενον
754 1112 873 1154 αὐτὴν
901 1112 1099 1155 πρότερον.
1140 1112 1197 1146 ὅτι
1224 1113 1264 1146 ὃὲ
1292 1113 1336 1147 οὐ
1362 1113 1486 1157 πάντῃ
1518 1114 1702 1150 ἀπίθανον

289 1181 433 1221 ταύτην
460 1179 602 1212 τέθεικε
628 1178 697 1219 τὴν
724 1178 910 1218 ἔνστασιν,
945 1177 1051 1219 δηλοῖ
1077 1177 1121 1209 τὸ
1149 1178 1208 1210 καὶ
1235 1178 1366 1218 θέντος
1393 1179 1513 1221 αὐτὴν
1540 1180 1600 1213 καὶ
1627 1180 1704 1213 δια·

291 1245 476 1283 λύσαντος
511 1244 601 1283 τοὺς
634 1243 716 1285 περὶ
751 1241 971 1285 Ἐπίκουρον
1005 1242 1105 1282 ὅμως
1139 1243 1299 1285 ὕστερον
1337 1243 1566 1284 γενομένους
1600 1245 1704 1279 οὕτω

291 1311 412 1349 λέγειν
440 1308 510 1349 τὴν
540 1307 685 1350 κίνησιν
720 1306 897 1348 γίνεσθαι.
951 1307 987 1341 ἐξ
1013 1307 1162 1349 ἀμερῶν
1189 1307 1260 1350 γὰρ
1288 1308 1348 1341 καὶ
1373 1308 1444 1349 τὴν
1472 1307 1618 1350 κίνησιν
1644 1309 1705 1342 καὶ

291 1375 334 1407 τὸ
355 1374 511 1414 μέγεθος
538 1374 596 1406 καὶ
623 1373 690 1405 τὸν
718 1372 854 1414 χρόνον
883 1372 976 1405 εἶναι
1003 1372 1177 1412 λέγοντες
1205 1372 1264 1405 ἐπὶ
1291 1372 1357 1412 μὲν
1383 1374 1452 1405 τοῦ
1480 1372 1570 1406 ὅλου
1599 1372 1704 1414 μεγέ-

292 1440 381 1478 θους
407 1440 476 1470 τοῦ
504 1437 540 1471 ἐξ
568 1436 717 1479 ἀμερῶν
745 1438 985 1476 συνεστῶτος
1011 1438 1191 1470 κινεῖσθαι
1220 1437 1372 1476 λέγουσι
1397 1436 1442 1470 τὸ
1468 1437 1704 1478 κινούμενον,

293 1504 371 1535 καθ’
401 1502 563 1535 ἕκαστον
591 1502 629 1535 δέ
657 1505 734 1535 τῶν
763 1501 802 1536 ἐν
830 1502 934 1544 αὐτῷ
963 1501 1111 1544 ἀμερῶν
1144 1502 1188 1535 οὐ
1222 1503 1401 1535 κινεῖσθαι
1436 1501 1528 1535 ἀλλὰ
1561 1503 1705 1544 κεκινῆ-

293 1570 387 1607 σθαι,
429 1567 487 1599 διὰ
517 1567 561 1600 τὸ
589 1566 621 1601 εἰ
647 1565 771 1608 τεθείη
799 1567 859 1599 καὶ
887 1566 946 1599 ἐπὶ
973 1566 1123 1600 τούτων
1151 1568 1330 1600 κινεῖσθαι
1356 1566 1401 1599 τὸ
1429 1567 1489 1600 ἐπὶ
1514 1568 1584 1600 τοῦ
1611 1566 1703 1600 ὅλου
1728 1576 1744 1600 ‘3

293 1631 525 1672 κινούμενον,
555 1631 721 1673 διαιρετὰ
748 1631 844 1664 αὐτὰ
870 1631 1031 1664 ἔσεσθαι.

412 1711 635 1746 SIMPLICIVS
661 1713 697 1743 in
723 1712 835 1744 Arist.
866 1712 966 1754 phys.
994 1711 1028 1745 Δ
1056 1712 1076 1744 8
1107 1710 1154 1754 (p.
1172 1712 1260 1746 216⁹·
1280 1713 1340 1755 17)
1367 1712 1389 1745 s.
1413 1711 1566 1745 159¹¹b1·s
1591 1712 1632 1746 ἐκ
1659 1713 1705 1755 δὴ

293 1778 452 1818 τούτων,
488 1777 604 1819 φησὶν
633 1778 652 1810 ὁ
680 1776 930 1818 Ἀλέξανδρος,
965 1777 1087 1810 ε’νεστι
1114 1776 1235 1817 λέγειν
1262 1776 1357 1819 πρὸς
1385 1776 1616 1819 Ἐπίκουρον,
1644 1777 1706 1811 οὐ-

295 1843 357 1876 δὲν
384 1843 424 1875 δὲ
452 1841 567 1883 ἧττον
593 1840 685 1881 ἴσως
712 1842 771 1874 καὶ
799 1841 892 1883 πρὸς
911 1840 1153 1883 Δημόκριτον
1173 1841 1232 1874 καὶ
1251 1840 1466 1874 Λεύκιππον
1493 1842 1553 1874 καί
1579 1841 1708 1882 ἁπλῶς

293 1908 382 1948 τοὺς
409 1906 525 1949 ἀρχὰς
550 1906 597 1939 τὰ
625 1906 747 1947 ἄτομα
777 1905 957 1946 λέγοντας
984 1906 1043 1939 καὶ
1074 1906 1117 1939 τὸ
1145 1906 1265 1946 κενόν,
1294 1906 1351 1939 ὅτι
1381 1905 1412 1939 εἰ
1440 1906 1506 1947 μὲν
1533 1905 1707 1940 ἀνισοτα-

294 1974 369 2014 χῶς
396 1972 577 2014 φέρονται
605 1970 641 2004 αἱ
670 1971 803 2011 ἄτομοι
831 1971 870 2004 ἐν
897 1973 952 2013 τῷ
982 1972 1090 2013 κενῷ,
1124 1969 1192 2009 τὰς
1219 1968 1336 2010 αἰτίας
1362 1972 1430 2011 τῆς
1456 1970 1708 2012 ἀνισοταχοῡς

294 2039 415 2079 φορᾶς
443 2037 523 2079 ὥρα
549 2036 670 2076 λέγειν
699 2035 843 2076 αὐτοῖς·
872 2035 984 2069 οὐδὲν
1011 2035 1083 2077 γὰρ
1110 2035 1240 2075 αὐταῖς
1267 2035 1311 2068 τὸ
1339 2035 1496 2075 μέγεθος
1521 2034 1543 2077 ἢ
1570 2035 1615 2068 τὸ
1646 2035 1707 2077 βά-

296 2112 358 2143 ρος
385 2102 407 2143 ἢ
434 2101 479 2134 τὸ
506 2101 629 2142 σχῆμα
655 2100 749 2142 πρὸς
775 2100 819 2132 τὸ
845 2099 960 2141 τάχος
987 2099 1254 2140 συμβάλλεται·
1295 2098 1326 2133 εἰ
1353 2099 1393 2132 δὲ
1420 2098 1617 2140 ἰσοταχῶς,
1645 2099 1707 2132 οὑ-

296 2165 432 2198 δέποτε
465 2165 721 2207 καταλήψεται
751 2166 773 2207 ή
802 2164 911 2207 ἑτέρα
942 2165 1012 2206 τὴν
1047 2164 1179 2207 ἑτέραν
1212 2164 1301 2198 οὐδὲ
1330 2162 1710 2206 ἀλληλοτυπήσουσιν

294 2230 317 2270 ἢ
349 2230 705 2272 περιπλακήσονται.
756 2230 845 2263 οὐδὲ
880 2229 951 2272 γὰρ
978 2229 1001 2270 ἡ
1030 2231 1108 2262 τῶν
1143 2228 1348 2270 σχημάτων
1383 2228 1547 2270 διαφορὰ
1581 2227 1642 2262 οἵα
1667 2227 1709 2262 τέ

295 2295 396 2328 ἐστιν
431 2295 563 2328 ἄνισον
595 2295 723 2328 αὐτῶν
751 2297 872 2327 ποιεῖν
899 2293 969 2335 τὴν
998 2292 1141 2335 φοράν·
1193 2293 1252 2325 καὶ
1278 2293 1350 2335 γὰρ
1377 2292 1423 2326 τὰ
1451 2292 1625 2334 σχήματα
1653 2295 1709 2336 τῷ

296 2358 449 2400 διαιρεῖν
478 2358 499 2399 ἢ
528 2361 582 2401 τῷ
610 2359 657 2399 μὴ
686 2358 839 2400 διαιρεῖν
869 2357 999 2390 ἄνισον
1027 2357 1097 2399 τὴν
1124 2357 1249 2399 φορὰν
1275 2359 1391 2390 ποιεῖ’
1431 2356 1470 2390 ἐν
1501 2356 1540 2390 δὲ
1567 2358 1623 2400 τῷ
1651 2367 1709 2390 κε-

294 2425 349 2466 νῷ
378 2423 489 2456 οὐδέν
518 2423 596 2456 ἐστι
631 2423 676 2455 τὸ
713 2422 986 2465 διαιρούμενον.
1039 2423 1133 2463 «isqve
1167 2422 1255 2456 οὐδὲ
1289 2421 1435 2462 γένεσις
1469 2422 1574 2456 ἔσται
1609 2420 1711 2462 τινὸς

295 2487 376 2520 κατ’
404 2485 554 2526 αὐτούς.
599 2485 746 2527 μήποτε
774 2486 815 2520 δὲ
841 2488 957 2520 τοῦτο
983 2485 1028 2519 τὸ
1056 2486 1201 2519 ἄτοπον
1229 2485 1357 2525 αὐτοῖς
1382 2484 1643 2528 ἀκολουθήσει,
1679 2484 1712 2520 εἰ

418 2637 456 2669 21
499 2636 653 2679 reliquas
688 2636 910 2669 obiectiones
945 2646 1023 2668 cum
1058 2646 1099 2667 ex
1124 2634 1323 2666 Themistio
1359 2634 1597 2677 adposuerim,
1637 2644 1709 2665 non

297 2697 431 2729 adtinet
459 2705 500 2727 ex
528 2696 712 2738 Simplicio
739 2696 866 2727 iterum
897 2696 1033 2727 adferre
1079 2694 1094 2737 ΙΙ
1135 2695 1182 2727 25
1209 2694 1333 2728 ἄτοπα
1353 2694 1474 2726 Aldus
1521 2693 1526 2736 Ι
1575 2693 1620 2726 29
1645 2703 1707 2726 κα-

299 2754 516 2798 ταλείψεται
545 2755 665 2787 Aldus
712 2754 717 2798 Ι
766 2755 807 2788 31
836 2759 917 2787 ante
943 2757 998 2798 τῷ
1026 2755 1104 2786 fort.
1132 2753 1314 2786 intercidit
1343 2753 1382 2788 ἐν
1408 2753 1475 2795 μέν
1501 2754 1556 2796 τῷ
1584 2751 1665 2795 ἀέρι

1728 932 1760 956 10

1729 1254 1761 1280 15

1731 1914 1764 1940 25
