1846 3288
615 213 858 245 EPISTVLA
886 214 1052 245 PRIMA
1518 215 1547 247 7²

125 324 412 377 ἀμετάβλητα,
448 325 566 377 εἴπερ
598 327 651 377 μὴ
685 327 827 377 μέλλει
858 327 1000 369 πάντα
1032 327 1092 378 εἰς
1123 328 1173 368 τὸ
1206 327 1259 377 μὴ
1291 327 1343 368 ὃν
1375 329 1540 380 φθαρή-

126 401 282 440 σεσθαι
318 395 412 439 ἀλλ’
455 398 617 448 ἰσχύειν
656 410 693 439 τι
725 401 955 449 ὑπομένειν
993 400 1040 442 ἐν
1070 402 1163 450 ταῖς
1195 400 1422 441 διαλύσεσι
1453 403 1541 443 τῶν

125 471 409 522 συγκρίσεων,
456 471 596 522 πλήρη
636 473 714 521 τὴν
751 473 886 522 φύσιν
924 473 1041 522 ὄντα,
1088 472 1166 526 οὐκ
1209 472 1367 523 ἔχοντα
1398 472 1482 526 ὅπῃ
1515 473 1540 523 ἢ

125 542 246 594 ὅπως
277 543 593 593 διαλυθήσεται.
655 544 769 585 ὥστε
802 545 880 595 τὰς
912 544 1048 596 ἀρχὰς
1080 545 1272 596 ἀτόμους
1303 544 1547 594 ἀναγκαῖον

125 614 231 658 εἶναι
262 615 480 666 σωμάτων
510 616 680 667 φύσεις.

238 687 366 730 Ἀλλὰ
402 689 484 739 μὴν
520 690 589 731 καὶ
626 690 676 731 τὸ
713 692 799 732 πᾶν
838 689 1017 743 ἄπειρόν
1054 692 1157 732 ἐστι.
1216 692 1268 733 τὸ
1299 691 1381 743 γὰρ
1411 705 1540 733 πεπε-

80 750 344 813 ’“ρασμε’νον
376 761 510 814 ἄκρον
550 762 654 813 ἔχει·
715 764 765 804 τὸ
797 765 843 806 δὲ
876 763 1010 815 ἄκρον
1049 763 1147 815 παρ’
1181 763 1334 815 ἕτερόν
1364 778 1403 805 τι
1433 768 1540 806 Θεω-

69 998 100 1022 ιο

51 1063 97 1097 42

124 836 268 885 ρεῑται.
327 833 443 876 ὥστε
475 835 555 876 οὐκ
586 835 688 885 ἔχον
720 834 854 886 ἄκρον
886 837 1022 887 πέρας
1054 836 1132 877 οὐκ
1169 836 1273 888 ἔχει·
1324 837 1460 888 πέρας
1491 838 1539 878 δὲ

123 907 202 948 οὐκ
233 907 336 959 ἔχον
366 906 545 959 ἄπειρον
583 908 636 949 ἂν
674 907 737 958 εἴη
778 909 846 950 καὶ
881 909 933 951 οὐ
973 908 1318 961 πεπερασμένον.
1352 910 1427 951 Καὶ
1459 910 1541 961 μὴν

123 980 192 1021 καὶ
230 984 291 1036 τῷ
330 980 483 1031 πλήθει
521 982 610 1022 τῶν
651 980 869 1031 σωμάτων
906 980 1086 1033 ἄπειρόν
1124 982 1217 1024 ἐστι
1257 982 1308 1024 τὸ
1344 985 1431 1025 πᾶν
1472 983 1541 1024 καὶ

123 1056 185 1107 τῷ
227 1052 396 1104 μεγέθει
435 1055 513 1094 τοῦ
552 1055 692 1095 κενοῦ.
753 1053 793 1095 εἴ
820 1066 865 1096 τε
898 1054 981 1105 γὰρ
1011 1053 1065 1106 ἦν
1095 1055 1146 1097 τὸ
1178 1055 1306 1096 κενὸν
1347 1054 1539 1106 ἄπειρον,

122 1126 176 1167 τὰ
207 1127 254 1167 δὲ
285 1125 469 1176 σώματα
501 1125 733 1176 ὡρισμένα,
765 1127 962 1177 οὐδαμοῦ
999 1127 1052 1169 ἂν
1090 1127 1215 1178 ἔμενε
1254 1129 1307 1169 τὰ
1343 1127 1540 1180 σώματα,

123 1196 217 1239 ἀλλ’
257 1198 442 1250 ἐφέρετο
481 1199 589 1241 κατὰ
628 1199 679 1241 τὸ
717 1199 896 1251 ἄπειρον
937 1201 1066 1242 κενὸν
1106 1201 1413 1252 διεσπαρμένα,
1461 1202 1540 1244 οὐκ

121 1270 281 1322 ἔχοντα
300 1271 354 1313 τὰ
375 1271 660 1323 ὑπερείδοντα
692 1273 758 1313 καὶ
790 1272 1033 1315 στέλλοντα
1064 1274 1172 1315 κατὰ
1203 1274 1281 1333 τὰς
1303 1272 1540 1326 ἀνακοπάς.

83 1360 100 1385 5
124 1344 162 1385 εἴ
190 1358 236 1387 τε
267 1345 318 1385 τὸ
349 1344 478 1387 κενὸν
508 1344 561 1396 ἦν
593 1345 849 1397 ὡρισμένον,
882 1345 960 1387 οὐκ
992 1345 1045 1387 ἂν
1077 1345 1163 1397 εἶχε
1194 1347 1248 1388 τὰ
1276 1346 1431 1399 ἄπειρα
1453 1348 1539 1389 σώ-

123 1431 235 1469 ματα
265 1417 377 1460 ὅπου
409 1419 577 1470 ἐνέστη.

234 1489 358 1543 Πρός
387 1504 433 1533 τε
464 1491 637 1542 τούτοις
667 1492 720 1534 τὰ
752 1491 892 1544 ἄτομα
922 1494 1010 1534 τῶν
1041 1492 1260 1543 σωμάτων
1291 1492 1359 1534 καὶ
1390 1492 1539 1544 μεστά,

122 1564 167 1607 ἐξ
207 1563 269 1606 ὧν
306 1564 376 1606 καὶ
414 1564 457 1606 αἱ
494 1566 743 1617 συγκρίσεις
780 1566 972 1615 γίνονται
1010 1566 1078 1607 καὶ
1120 1565 1180 1616 εἰς
1219 1565 1245 1606 ἃ
1277 1566 1539 1617 διαλύονται,

122 1636 389 1689 ἀπερίληπτά
421 1638 514 1680 ἐστι
544 1640 637 1689 ταῖς
669 1641 901 1690 διαφοραῖς
943 1641 1032 1680 τῶν
1069 1638 1322 1689 σχημάτων·
1373 1638 1425 1680 οὐ
1456 1639 1539 1691 γὰρ

122 1709 310 1752 δυνατὸν
351 1711 556 1759 γενέσθαι
586 1711 664 1763 τὰς
694 1711 917 1761 τοσαύτας
947 1711 1165 1763 διαφορὰς
1197 1712 1244 1752 ἐκ
1274 1713 1362 1753 τῶν
1394 1711 1540 1754 αὐτῶν

121 1782 356 1835 σχημάτων
395 1783 773 1836 περιειλημμένων.
836 1784 911 1826 Καὶ
949 1783 1039 1825 καθ’
1075 1783 1263 1834 ἑκάστην
1295 1785 1342 1826 δὲ
1374 1783 1538 1836 σχημά-

95 1865 231 1905 ,τισιν
269 1854 419 1908 ἁπλῶς
456 1854 625 1909 ἄπειροί
662 1856 771 1900 εἰσιν
809 1857 852 1900 αἱ
887 1856 1042 1909 ὅμοιαι,
1087 1859 1181 1908 ταῖς
1219 1858 1267 1899 δὲ
1305 1859 1538 1910 διαφοραῖς

243 2085 259 2117 1
281 2085 407 2127 μέλλοι
425 2085 496 2118 GH
515 2089 550 2117 et
568 2085 649 2119 sort.
665 2086 695 2117 F
723 2085 740 2129 ss
769 2086 791 2119 2
812 2085 993 2128 ἰσχύοντα
1010 2086 1214 2128 ὑπομένειν
1232 2087 1316 2119 libri
1346 2086 1362 2130 u
1391 2087 1412 2120 3
1428 2085 1538 2131 ὄντα]

119 2144 213 2178 ὅταν
241 2144 343 2179 libri:
383 2144 488 2187 ὄντα,
526 2145 587 2179 καὶ
615 2145 834 2178 Meibomius
881 2145 897 2189 Ιῐ
947 2146 969 2179 4
995 2144 1293 2190 δια[λυ]Θήσεται
1327 2157 1406 2179 cum
1432 2146 1538 2179 litura

119 2213 178 2236 rec
203 2204 233 2241 B
267 2203 273 2246 Ι
307 2202 521 2245 ἀναγκαίως
546 2204 611 2236 BG
650 2200 668 2249 ΙΙ
718 2205 740 2238 5
767 2202 914 2248 φύσεις]
947 2204 1015 2245 τὰς
1040 2203 1174 2247 φύσεις
1200 2205 1231 2237 G
1280 2204 1296 2249 ΙΙ
1343 2208 1366 2239 6
1391 2205 1436 2239 τὸ
1462 2207 1538 2239 πᾶν

120 2289 127 2297 .
144 2289 152 2297 .
168 2289 176 2297 .
195 2263 215 2296 7
235 2262 310 2305 ἔχει
337 2261 477 2295 rubrica
495 2263 639 2296 Lucreti
658 2263 703 2296 ad
720 2271 735 2297 1
754 2263 820 2297 951
842 2274 877 2307 p.
891 2263 963 2297 249
984 2264 1128 2297 Lachm.
1160 2264 1176 2306 fl
1212 2264 1233 2296 7
1254 2275 1307 2307 sq.
1327 2265 1371 2297 cf.
1391 2263 1537 2297 Philod.

120 2331 157 2356 π.
177 2330 263 2364 σημ.
285 2332 319 2365 p.
334 2322 378 2355 31
399 2321 528 2366 Gomp.
552 2321 558 2364 l
580 2321 625 2355 τὸ
644 2321 684 2356 δὲ
704 2321 866 2365 FHPQf:
886 2322 932 2356 τὸ
949 2322 1023 2366 γὰρ
1037 2323 1102 2356 BG
1134 2322 1151 2366 ss
1184 2323 1206 2357 8
1224 2323 1324 2357 ὥστε
1345 2324 1390 2357 τὸ
1407 2323 1478 2358 οὐκ
1498 2324 1514 2355 f
1535 2323 1539 2368 ᾗ

120 2381 207 2423 ἔχον
233 2379 371 2413 scilieet
394 2380 440 2415 τὸ
464 2383 551 2424 πᾶν,
579 2382 699 2425 quode
726 2382 926 2425 disputatur
968 2381 983 2426 Π
1024 2380 1046 2415 9
1073 2383 1134 2416 καὶ
1160 2382 1233 2424 μὴν
1261 2384 1429 2415 omissum
1457 2393 1537 2426 sup-

118 2439 194 2483 plet
211 2450 269 2480 mg
286 2439 324 2471 H
358 2439 375 2483 n
414 2440 456 2473 12
482 2440 653 2482 οὐθαμοῦ
671 2440 753 2483 ΡὨ
775 2439 781 2485 Ι
803 2440 959 2482 ἀνέμενε
979 2442 1008 2473 Β
1045 2440 1060 2485 ss
1102 2443 1142 2475 13
1160 2441 1254 2477 ἀλλὰ
1273 2443 1337 2475 BG
1367 2441 1382 2485 u
1417 2443 1458 2474 14
1477 2442 1538 2475 καὶ

119 2509 177 2530 om
201 2498 233 2531 G
255 2500 260 2541 Ι
283 2498 539 2534 συστέλλοντα
565 2510 625 2541 mg
650 2510 708 2532 rec
735 2500 763 2532 B
789 2500 985 2532 sambucus
1013 2500 1244 2535 συτέλλοντα
1261 2502 1293 2534 G
1335 2500 1350 2544 11
1390 2500 1433 2535 16
1460 2500 1536 2535 ἐνέ-

119 2567 191 2602 στη
217 2555 397 2592 BFGP²fz
441 2558 563 2593 ἔνεστι
590 2557 711 2600 HP¹Q
763 2556 782 2603 ΙΙ
834 2556 873 2591 17
903 2559 997 2602 πρὸς
1022 2569 1063 2593 τε
1090 2558 1255 2602 FHPQf:
1301 2560 1394 2603 πρὸς
1421 2560 1482 2593 BG
1527 2560 1539 2603 Ιῑ

122 2618 165 2652 18
192 2617 410 2666 συνκρίσεισ
433 2629 475 2661 pr
492 2618 522 2649 B
564 2618 580 2660 ΙΙ
620 2618 667 2651 20
692 2617 759 2659 τὰς
787 2628 844 2650 om
862 2618 892 2650 F
914 2618 920 2659 ί
942 2618 1070 2652 αὐτῶν
1098 2629 1155 2650 om
1182 2619 1233 2652 Gf
1270 2619 1285 2662 Η
1328 2620 1370 2652 21
1400 2629 1535 2661 περιει-
1560 2628 1561 2631 ’

120 2677 312 2719 λημμὲνον
337 2677 402 2711 sed
428 2686 459 2711 ω
486 2686 559 2709 sset
585 2676 613 2708 F
652 2677 659 2719 ι
698 2676 935 2719 σχημάτησιν
961 2677 1023 2709 BF
1063 2677 1079 2720 Η
1122 2677 1166 2710 22
1195 2677 1232 2712 αἱ
1258 2678 1383 2719 ὅμοιαι
1409 2678 1473 2710 BG
1499 2677 1537 2711 αἱ

120 2736 245 2778 ὁμοῖαι
269 2735 353 2778 PQs
379 2734 418 2770 αἱ
443 2735 569 2778 ὁμαῖαι
594 2736 649 2768 H:
683 2735 818 2777 ἄτομοι
845 2736 900 2774 Fs,
926 2745 972 2778 γρ
997 2735 1045 2767 1²2
1069 2746 1128 2777 mg
