1842 3250
175 1278 246 1312 283

267 226 337 260 202
743 227 950 259 EPICVRI
984 227 1203 260 PHYSICA

268 343 396 386 quoius
424 343 520 374 modi
549 343 629 380 sint,
656 348 771 374 tamen
799 342 932 373 faciunt
958 353 1132 383 magnum,
1161 345 1259 385 quod
1275 354 1366 386 quae
1392 354 1433 375 ex
1457 344 1501 375 iis
1520 349 1681 376 constant

268 407 304 438 in
330 407 476 445 mundo,
504 406 724 439 ostendunt‘.

389 486 644 520 PLVTARcm's
672 488 751 519 adu.
781 487 934 519 Coloten
965 487 1006 520 16
1031 498 1065 529 p.
1085 488 1192 520 1116ε
1241 487 1318 521 ἀλλ’
1347 487 1464 521 αὐτὸν
1489 488 1612 530 ἡδέως
1638 489 1683 522 ἂν

269 551 424 595 ἐροίμην
446 552 514 584 τὸν
533 551 748 594 κατήγορον
767 551 992 594 (Πλάτωνος
1010 551 1227 594 Κωλώτην),
1255 551 1286 586 εἰ
1303 555 1382 593 τοῖς
1401 553 1547 586 ἑαυτῶν
1566 553 1684 596 πράγ-

270 624 359 657 μασι
389 616 460 657 τὴν
493 615 680 658 διαφορὰν
710 616 779 649 οὐκ
813 615 974 658 ἐνορῶσι
1001 616 1158 658 ταύτην,
1198 617 1279 650 καθ’
1308 617 1354 658 ἣν
1380 617 1427 650 τὰ
1454 617 1520 658 μὲν
1548 618 1684 658 μόνιμα

269 681 330 714 καί
356 681 525 722 ἄτρεπτα
553 680 622 723 <τὰ
641 680 681 714 δὲ
700 680 915 722 μεταβλητὰ
940 681 1000 713 καὶ
1026 679 1192 723 τρεπτὰ>
1219 683 1301 721 ταῖς
1319 680 1464 722 οὐσίαις
1490 680 1608 721 ἐστίν;
1635 681 1685 722 ὡς

270 746 423 786 λέγουσι
455 745 515 778 καὶ
547 745 615 785 τὰς
647 744 812 785 ἀτόμους
846 743 1008 788 ἀπαθείᾳ
1041 746 1101 778 καὶ
1134 746 1357 788 στερρότητι
1391 746 1515 780 πάντα
1546 747 1684 789 χρόνον

271 809 455 848 ὡσαύτως
491 809 600 850 ἔχειν,
638 808 686 842 τὰ
714 809 754 842 δὲ
781 807 1016 851 συγκρίματα
1048 809 1172 842 πάντα
1206 809 1346 852 ῥευστὰ
1379 811 1439 844 καὶ
1472 810 1684 853 μεταβλητὰ

270 874 331 906 καὶ
356 873 536 914 γινόμενα
562 874 622 906 καὶ
649 872 891 914 ἀπολλύμενα
920 874 1024 915 εἶναι,
1065 873 1208 917 μυρίων
1236 875 1302 915 μὲν
1330 875 1498 909 εἰδώλων
1525 875 1684 917 ἀπερχο-

271 938 395 979 μένων
423 937 479 971 ἀεὶ
506 938 566 971 καὶ
594 938 773 980 ῥεόντων,
809 937 950 980 μυρίων
982 939 1021 972 δέ
1049 939 1100 979 ὡς
1126 938 1225 979 εἰκὸς
1252 939 1392 981 ἑτέρων
1420 940 1460 973 ἑκ
1487 942 1556 973 τοῦ
1583 949 1685 982 περι-

272 1003 425 1044 έχοντος
461 1003 715 1045 ἐπιρρεόντων
747 1003 807 1036 καὶ
840 1002 1165 1045 ἀναπληρούντων
1191 1004 1236 1037 τὸ
1263 1003 1459 1047 ἄθροισμα,
1499 1005 1686 1039 ποικιλλό-

271 1078 385 1108 μενον
407 1068 482 1101 ὑπὸ
500 1069 568 1109 τῆς
587 1068 791 1109 ἐξαλλαγῆς
808 1068 951 1109 ταύτης
976 1067 1036 1101 καὶ
1062 1069 1447 1110 μετακεραννύμενον,
1477 1069 1543 1103 ἅτε
1562 1069 1608 1111 δὴ
1628 1070 1688 1102 καὶ

271 1133 349 1165 τῶν
377 1131 417 1165 ἑν
446 1132 548 1173 βάθει
580 1135 650 1165 τοῦ
677 1131 930 1175 συγκρίματος
962 1132 1114 1173 ἀτόμων
1146 1132 1332 1166 οὐδέποτε
1363 1134 1467 1175 λῆξαι
1504 1132 1688 1175 κινήσεως

272 1196 360 1230 οὐδὲ
391 1198 549 1238 παλμῶν
576 1197 669 1239 πρὸς
696 1197 857 1238 ἀλλήλας
884 1198 1115 1237 δυναμένων,
1144 1197 1267 1239 ὥςπερ
1297 1197 1404 1230 αὐτοὶ
1432 1197 1617 1237 λέγουσιν.

392 1279 492 1310 Idem
519 1278 606 1310 ibid.
630 1280 673 1311 10
692 1290 724 1322 p.
746 1279 853 1311 1112st
878 1282 957 1319 τοῖς
986 1279 1295 1320 ὑπολαμβάνουσι
1323 1278 1416 1320 μήτε
1443 1279 1591 1319 γένεσιν
1618 1281 1687 1312 τοῦ

272 1344 321 1385 μὴ
342 1342 455 1383 ὄντος
481 1344 575 1377 εἶναι
603 1342 695 1384 μήτε
723 1343 872 1385 φθορὰν
898 1345 967 1376 τοῦ
995 1343 1116 1384 ὄντος,
1145 1343 1221 1376 ἀλλ’
1244 1343 1367 1376 ὄντων
1393 1345 1508 1377 τινῶν
1536 1343 1688 1387 συνόδῳ

272 1407 366 1450 πρὸς
400 1408 540 1449 ἄλληλα
573 1408 643 1448 τὴν
676 1407 835 1448 γένεσιν,
877 1406 1042 1441 διαλύσει
1076 1407 1107 1440 δ’
1135 1405 1198 1440 ἀπ’
1227 1407 1400 1449 ἀλλήλων
1426 1407 1494 1440 τὸν
1523 1407 1689 1441 θάνατον

273 1472 583 1512 ἐπονομάζεσθαι.

393 1553 616 1587 SIMPLICIVS
636 1556 670 1586 in
690 1555 802 1587 Arist.
822 1555 866 1586 de
885 1554 985 1586 caelo
1006 1554 1033 1587 Α
1053 1555 1072 1586 7
1093 1554 1140 1597 (p.
1162 1552 1250 1586 27:3¹¹
1265 1553 1326 1594 29)
1345 1565 1379 1596 p.
1400 1551 1486 1586 109b
1503 1553 1547 1586 39
1562 1554 1687 1586 Karst.

273 1620 359 1652 484³
378 1618 423 1652 23
449 1620 579 1652 Brand.
626 1618 813 1653 δείκνυσιν
840 1618 1140 1661 (Ἀριστοτέλης)
1169 1618 1304 1660 ἐφεξῆς
1329 1618 1387 1651 ὅτι
1415 1618 1495 1652 οὐδ’
1525 1618 1576 1658 ὡς
1602 1618 1687 1651 διω-

272 1684 428 1726 ρισμένα
457 1684 591 1726 ἄπειρα
622 1686 677 1727 τῷ
705 1683 839 1725 πλήθει
872 1682 952 1716 οἶόν
985 1693 1026 1717 τε
1060 1684 1153 1717 εἶναι
1178 1683 1225 1716 τὰ
1255 1682 1479 1725 στοιχειώδη
1516 1682 1686 1725 σώματα,

274 1748 324 1788 ὡς
351 1748 386 1781 οἱ
416 1748 500 1790 περὶ
526 1748 742 1782 Λεύκιππον
775 1749 835 1781 καὶ
862 1748 1105 1791 Δημόκριτον
1132 1746 1355 1781 ὑπετίθεντο
1383 1747 1456 1789 πρὸ
1484 1747 1603 1781 αὐτοῦ
1631 1757 1690 1788 γε-

273 1813 430 1853 γονότες
462 1813 522 1846 καὶ
556 1813 632 1853 μετ’
668 1813 785 1846 αὐτὸν
818 1811 1046 1855 Ἐπίκουρος.
1101 1811 1207 1846 οὗτοι
1239 1812 1312 1855 γὰρ
1348 1812 1479 1852 ἔλεγον
1513 1811 1692 1855 ἀπείρους

274 1878 367 1911 εἶναι
393 1880 447 1920 τῷ
472 1876 606 1919 πλήθει
632 1877 700 1918 τὰς
726 1877 851 1919 ἀρχάς.
881 1877 923 1918 ἃς
949 1878 1010 1911 καὶ
1037 1877 1202 1918 ἀτόμους
1228 1878 1288 1910 καὶ
1315 1876 1551 1919 ἀδιαιρέτους
1570 1876 1691 1917 ἐνόμι-

273 1944 337 1976 Ζον
365 1943 424 1975 καὶ
453 1942 607 1983 ἀπαθεῖς
635 1943 694 1976 διὰ
721 1942 765 1975 τὸ
792 1943 933 1983 ναστὰς
961 1943 1055 1976 εἶναι
1082 1943 1141 1976 καὶ
1168 1941 1348 1985 ἀμοίρους
1370 1944 1440 1975 τοῦ
1460 1944 1592 1976 κενοῦ·
1619 1941 1690 1983 τὴν

273 2007 344 2049 γὰρ
371 2006 551 2049 διαίρεσιν
579 2007 674 2040 κατὰ
702 2007 745 2040 τὸ
773 2007 882 2041 κενὸν
909 2007 954 2040 τὸ
982 2007 1022 2040 ἐν
1048 2009 1127 2047 τοῖς
1154 2007 1325 2048 σώμασιν
1352 2007 1483 2047 ἔλεγον
1509 2005 1691 2047 γίνεσθαι,

273 2072 414 2111 ταύτας
442 2072 481 2105 δὲ
509 2071 575 2112 τὰς
602 2071 766 2111 ἀτόμους
793 2071 833 2104 ἐν
861 2070 1004 2115 ἀπείρῳ
1028 2073 1083 2114 τῷ
1102 2074 1201 2114 κενῷ
1220 2070 1498 2114 κεχωρισμένας
1516 2069 1690 2111 ἀλλήλων

273 2137 334 2170 καὶ
361 2136 615 2179 διαφερούσας
648 2135 812 2178 σχήμασί
837 2146 879 2169 τε
905 2137 965 2169 καὶ
993 2136 1165 2177 μεγέθεσι
1193 2137 1252 2169 καὶ
1279 2136 1380 2170 θέσει
1408 2135 1467 2168 καὶ
1493 2134 1594 2169 τάξει
1622 2134 1689 2176 φέ-

274 2203 405 2244 ρεσθαι
423 2202 463 2234 ἐν
481 2204 535 2243 τῷ
555 2203 666 2244 κενῷ,
693 2201 753 2234 καὶ
773 2200 1198 2242 ἑπικαταλαμβανούσας
1225 2199 1388 2241 ἀλλήλας
1414 2199 1691 2242 συγκρούεσθαι

275 2266 335 2299 καὶ
361 2265 427 2306 τὰς
459 2266 525 2306 μὲν
560 2265 844 2300 ἀποπάλλεσθαι
871 2265 947 2308 ὅπῃ
975 2265 1019 2298 ἂν
1045 2265 1198 2307 τύχωσι,
1240 2264 1306 2305 τὰς
1333 2265 1372 2299 δὲ
1399 2263 1691 2307 περιπλέκεσθαι

274 2329 451 2372 ἀλλήλαις
483 2330 577 2363 κατὰ
610 2330 680 2372 τὴν
711 2332 789 2363 τῶν
826 2330 1030 2372 σχημάτων
1063 2331 1123 2363 καὶ
1157 2330 1327 2371 μεγεθῶν
1362 2330 1422 2363 καὶ
1456 2328 1599 2363 θέσεων
1632 2329 1693 2362 καὶ

275 2395 420 2429 τάξεων
452 2394 694 2438 συμμετρίαν,
734 2395 795 2429 καὶ
827 2393 1044 2436 συμβαίνειν
1077 2395 1138 2428 καὶ
1164 2394 1267 2428 οὕτω
1293 2394 1363 2435 τὴν
1390 2396 1468 2427 τῶν
1498 2393 1694 2428 συνθέτων

278 2460 427 2501 γένεσιν
455 2459 731 2494 ἀποτελεῖσθαι.

402 2577 418 2609 l
447 2578 545 2619 quod
569 2587 626 2608 om
651 2576 754 2609 libri:
782 2576 922 2608 addidit
939 2576 1166 2617 Augustinus
1195 2575 1201 2617 1
1233 2587 1276 2607 ex
1301 2577 1360 2608 his
1385 2575 1470 2607 libri
1511 2573 1527 2618 ΙΙ
1569 2574 1590 2607 6
1615 2585 1694 2617 sup-

279 2636 496 2678 plementum
524 2635 677 2677 exempli
704 2646 829 2667 caussa
855 2636 939 2667 dedi
987 2634 991 2677 Ι
1041 2636 1084 2668 1-1
1112 2634 1253 2677 ἄλληλα
1278 2634 1361 2666 libri
1408 2633 1422 2676 ΙΙ
1473 2634 1515 2666 19
1535 2644 1611 2675 sqq.
1641 2643 1696 2664 ex-

279 2695 503 2737 primendum
535 2695 646 2726 fuisse
673 2695 855 2726 Brandisii
889 2693 1121 2738 apographon
1154 2693 1341 2734 intelleget
1368 2692 1429 2736 qui
1454 2692 1695 2733 Lugdunense

280 2752 472 2785 contulerit

1711 947 1743 970 10

1713 1286 1746 1312 15

1713 1627 1747 1652 20

1715 1952 1748 1979 25

1718 2273 1751 2299 30
