1842 3250
403 445 758 494 INCERTAE
806 444 1002 493 SEDIS
1046 445 1491 495 FRAGMENTA

445 544 983 606 OPINIONVMQVE
1025 544 1455 594 TESTIMONIA

465 745 483 783 Ι
543 744 974 784 PROLEGOMENA
1007 743 1423 784 PHILOSOPHIAE
1511 760 1513 762 ’

287 833 356 866 DE
381 832 654 866 SAPIENTIA
681 833 744 865 ET
769 830 1020 865 SAPIENTE

142 909 212 943 219
360 906 514 941 SEXTVS
540 919 631 951 emp.
660 908 740 940 adu.
770 908 925 948 dogmat.
953 916 981 941 V
1008 907 1130 952 (math.
1161 911 1219 952 xl)
1251 910 1318 943 169
1361 910 1659 952 ἐπαγγέλλονται

238 973 313 1017 γὰρ
337 972 476 1017 τέχνην
507 972 592 1008 τινὰ
628 973 713 1016 περὶ
746 972 814 1006 τὸν
842 971 923 1015 βίον
950 974 1204 1017 παραδώσειν,
1246 976 1306 1008 καὶ
1334 975 1394 1009 διὰ
1420 978 1537 1010 τοῦτο
1564 975 1656 1010 Ἐπί-

198 1047 214 1072 5
241 1048 379 1081 κουρος
411 1037 478 1079 μὲν
505 1037 611 1078 ἔλεγε
636 1037 708 1079 τὴν
735 1036 969 1080 φιλοσοφίαν
998 1037 1189 1081 ἐνέργειαν
1218 1039 1312 1074 εἶναι
1338 1040 1465 1082 λόγοις
1492 1041 1553 1075 καὶ
1581 1041 1657 1075 δια-

239 1104 431 1145 λογισμοῖς
455 1102 524 1136 τὸν
547 1101 753 1144 εὐδαίμονα
782 1101 863 1144 βίον
889 1105 1175 1145 περιποιοῦσαν.

141 1186 212 1220 220
351 1178 403 1222 οὐ
433 1180 770 1231 προσποιεῖσθαι
791 1179 858 1221 δεῖ
877 1180 1155 1231 φιλοσοφεῖν,
1187 1179 1281 1222 ἀλλ’
1305 1179 1447 1231 ὄντως
1475 1183 1657 1233 φιλοσο-

237 1254 359 1304 φεῖν·
394 1251 446 1293 οὐ
468 1252 551 1303 γὰρ
570 1245 880 1304 προσδεόμεθα
912 1254 991 1294 τοῦ
1023 1254 1167 1294 δοκεῖν
1194 1252 1412 1305 ὑγιαίνειν,
1445 1253 1556 1295 ἀλλὰ
1578 1256 1657 1296 τοῦ

236 1325 329 1367 κατ’
361 1323 567 1375 ἀλήθειαν
599 1323 817 1374 ὑγιαίνειν.

185 1406 215 1429 ιο
240 1396 472 1432 PARAI-IAELA
499 1409 600 1431 sacra
625 1399 776 1442 profana
793 1397 955 1432 Floreat.
974 1400 1010 1431 A
1033 1399 1088 1436 14,
1110 1398 1177 1433 156
1204 1410 1237 1442 p.
1258 1399 1324 1433 761
1348 1400 1460 1434 Gaisf.
1491 1400 1657 1434 Ἐπικού-

237 1473 318 1506 ρου.
370 1462 656 1497 Gnomonomox
691 1463 893 1496 Parisinum
927 1464 1005 1496 cod.
1037 1463 1128 1497 1168
1163 1474 1190 1497 s.
1219 1465 1348 1498 xm-s.
1382 1465 1462 1498 115r
1496 1465 1657 1507 (γνῶμαι

238 1527 470 1571 ἐπικούρου),
521 1526 710 1562 ΜΛΧῙΜνε
743 1528 826 1560 abb.
862 1528 1021 1570 gnomol.
1053 1528 1093 1561 17
1126 1540 1160 1572 p.
1185 1529 1250 1562 183
1279 1529 1397 1562 Turic.
1429 1535 1452 1564 t.
1472 1538 1500 1562 11
1534 1541 1568 1573 p.
1588 1530 1657 1563 587

239 1592 400 1626 Combef.
433 1591 666 1636 Ἐπικούρου.

139 1674 207 1708 221
352 1669 479 1719 κενὸς
511 1668 679 1711 ἐκείνου
710 1669 967 1721 φιλοσόφου
1001 1669 1147 1721 λόγος,
1178 1669 1253 1720 ὑφ’
1276 1668 1328 1711 οὗ
1353 1669 1487 1720 μηδὲν
1517 1669 1658 1720 πάθος

182 1756 213 1783 ιε
237 1740 473 1793 ἀνθρώπου
511 1742 812 1793 θεραπεύεται·
863 1742 1009 1794 ὥςπερ
1049 1743 1131 1794 γὰρ
1170 1741 1360 1794 ἰατρικῆς
1391 1742 1522 1784 οὐδὲν
1554 1741 1658 1794 ὄφε-

236 1816 315 1866 λος
351 1815 406 1867 μὴ
442 1815 521 1866 τὰς
558 1815 725 1867 νόσους
764 1817 854 1857 τῶν
897 1815 1116 1866 σωμάτων
1158 1816 1469 1869 ἐκβαλλούσης,
1515 1814 1658 1866 οὕτως

237 1886 341 1929 οὐδὲ
372 1888 658 1940 φιλοσοφίας,
695 1888 731 1930 εἰ
764 1889 817 1941 μὴ
850 1888 900 1931 τὸ
931 1891 1010 1940 τῆς
1041 1891 1185 1940 ψυχῆς
1216 1888 1415 1940 ἐκβάλλει
1444 1887 1599 1938 πάθος.

237 1958 486 1995 Pom’lssmvs
514 1961 559 1994 ad
585 1962 797 1995 Marcellam
826 1963 868 1996 31
896 1973 930 2006 p.
950 1962 1033 2002 209,
1052 1962 1098 1996 23
1125 1962 1264 1995 Nauck.

137 2037 209 2073 222
358 2035 618 2072 PLVTAROEVS
646 2036 728 2072 adu.
754 2038 910 2071 Coloten
940 2039 982 2079 19
1007 2049 1040 2081 p.
1063 2036 1171 2071 1117‘
1194 2036 1235 2071 ἓν
1261 2036 1333 2080 γάρ
1361 2034 1441 2071 ἐστι
1465 2039 1544 2070 τῶν
1562 2035 1656 2070 Ἐπι-

178 2117 213 2143 2²0
237 2101 379 2145 κούρου
415 2102 619 2145 δογμάτων
652 2103 698 2137 τὸ
732 2103 875 2146 μηδὲν
908 2102 1261 2145 ἀμεταπείστως
1294 2103 1543 2136 πεπεῖσθαι
1578 2111 1656 2144 μη-

237 2165 345 2200 δένα
370 2166 487 2208 πλὴν
514 2166 594 2201 τὸν
622 2168 781 2210 σοφόν.

139 2244 228 2278 222·
357 2239 551 2275 Lmnrxvs
580 2241 690 2277 onc..
716 2249 743 2274 x
770 2243 838 2276 117
865 2242 958 2277 ἀλλὰ
988 2243 1047 2276 καὶ
1075 2242 1143 2276 τὸν
1170 2241 1269 2277 ἅπαξ
1295 2242 1504 2284 γενόμενον
1532 2241 1656 2283 σοφὸν

237 2305 371 2349 μηκέτι
395 2306 467 2349 τήν
494 2306 670 2342 ἐναντίαν
697 2307 899 2351 λαμβάνειν
935 2307 1123 2342 διάθεσιν·
1169 2307 1263 2351 μηδὲ
1301 2307 1481 2341 πλάττειν
1519 2306 1655 2341 ἑκόντα

238 2369 357 2413 (δοκεῖ
381 2370 616 2416 Ἐπικούρῳ).

140 2451 209 2485 223
359 2446 503 2482 CICERO
530 2448 675 2481 Luculli
704 2448 759 2487 14,
785 2449 831 2482 45
857 2448 1109 2492 ‘perspicuitas
1136 2443 1201 2480 ilia
1230 2471 1238 2480 .
1259 2473 1266 2481 .
1295 2447 1380 2480 satis
1406 2457 1569 2489 maguam
1596 2440 1671 2478 ha?

238 2510 300 2543 bet
326 2512 412 2554 uim,
450 2516 488 2545 ut
513 2513 594 2556 ipsa
619 2523 684 2557 per
708 2523 789 2545 sese
820 2523 862 2545 ea
894 2523 984 2556 quae
1021 2512 1091 2544 sint
1124 2512 1231 2544 nobis
1264 2512 1314 2544 ita
1340 2516 1378 2543 ut
1404 2512 1474 2544 sint
1508 2511 1654 2544 indicet.

357 2627 379 2660 7
398 2627 442 2660 cs.
461 2627 529 2671 Ep.
550 2638 605 2671 ep.
623 2635 653 2661 11
671 2627 717 2661 87
732 2628 779 2661 in.
804 2627 809 2669 Ι
833 2626 969 2672 ὄντως]
985 2628 1109 2669 οὕτως
1123 2628 1204 2660 Par.
1239 2626 1247 2669 Ι
1281 2627 1303 2660 9
1322 2625 1415 2661 κατὰ
1434 2626 1514 2658 Par.
1531 2626 1625 2658 Max.

239 2685 283 2718 14
302 2685 342 2719 fr.
357 2685 443 2719 220:
463 2685 696 2730 Πυθαγόρου
710 2687 812 2720 Stob.
828 2687 904 2720 flor.
919 2687 978 2725 82,
993 2687 1014 2720 6
1048 2687 1054 2729 Ι
1094 2688 1136 2720 16
1155 2686 1410 2729 ἐκβαλλούσης
1425 2685 1526 2719 Stob.
1545 2687 1654 2728 θερα·

238 2743 366 2779 πεύειν
381 2746 461 2779 cod.
471 2745 663 2790 Porphyrii
685 2746 692 2789 Ι
718 2745 760 2780 17
776 2744 913 2791 πάθος]
927 2745 1045 2782 κακὸν
1055 2745 1156 2779 Stob.
1182 2744 1198 2789 l}
1224 2745 1270 2778 23
1284 2745 1463 2780 πλάττειν
1477 2745 1520 2777 cs.
1534 2745 1574 2776 fr.
1585 2744 1649 2777 231
