1842 3250
614 223 820 256 EPICVRI
846 223 1064 255 PHYSICA
1475 221 1546 255 259

37 345 107 380 388
246 337 294 380 Εἰ
329 340 423 389 ταῖς
454 340 543 380 τῶν
574 337 818 389 ἀνθρώπων
857 337 1003 389 εὐχαῖς
1035 337 1060 379 ὁ
1091 338 1192 388 θεὸς
1223 337 1548 388 κατηκολούθει,

133 413 292 453 θᾶττον
323 410 376 453 ἂν
409 410 669 452 ἀπώλλυντο
701 411 864 461 πάντες
895 409 1130 461 ἄνθρωποι,
1175 413 1375 461 συνεχῶς
1406 409 1549 452 πολλὰ

131 484 201 526 καὶ
231 484 398 535 χαλεπὰ
430 485 522 525 κατ’
554 483 756 534 ἀλλήλων
789 483 1029 534 εὐχόμενοι.

134 555 420 591 GNOM01.0G10N
439 558 519 590 cod.
533 557 688 589 Parisini
710 556 802 590 1168
821 557 844 589 f.
866 556 947 589 115*
965 555 1110 597 Γνῶμαι
1131 556 1336 599 ἐπικούρου
1363 555 1552 589 MAXIMVS

91 627 108 653 5
134 621 216 654 abb.
244 622 403 663 gnomol.
433 621 473 654 14
501 633 534 665 p.
559 621 626 654 180
644 621 762 653 Tun-ic.
791 625 815 653 t.
835 628 863 653 11
891 632 924 663 p.
946 620 1014 653 578
1034 620 1198 653 Combef.
1225 619 1458 663 Ἐπικούρου.

0 706 1 709 ’
36 704 107 739 389
253 702 462 736 DloNYsu's
489 703 679 746 episcopus
706 713 743 735 π.
772 702 925 744 φύσεως
952 713 1006 744 ap.
1033 702 1229 734 Eusebium
1256 713 1374 744 praep.
1404 712 1458 734 eu.
1479 710 1549 734 xlv

132 767 190 807 27,
208 768 251 801 10
268 778 301 810 p.
318 766 406 801 783b
433 768 493 801 καὶ
513 767 558 809 δὴ
578 768 638 801 καὶ
666 767 746 801 κατ’
766 765 923 801 ἐκείνων
949 768 1027 800 τῶν
1054 766 1171 808 μηδὲν
1190 766 1284 809 πρὸς
1303 766 1398 808 ἡμᾶς
1418 766 1548 808 (θεῶν)

132 832 344 875 ὅρκους“τε
377 832 437 866 καὶ
463 832 666 875 ὁρκισμοὺς
699 830 854 875 μυρίους
886 833 965 871 τοῖς
999 830 1138 864 ἑαυτοῦ
1174 830 1325 872 βιβλίοις
1357 830 1551 873 ἐγγράφει,

134 896 250 938 ὸμνύς
277 905 318 930 τε
347 898 515 939 συνεχῶς
542 896 598 938 μὰ
617 894 704 930 Δία
729 896 790 930 καὶ
815 896 868 937 νὴ
889 894 977 929 Δία
1004 895 1168 938 ἑξορκῶν
1194 905 1236 928 τε
1262 895 1353 934 τοὺς
1373 894 1552 937 ἐντυγχά-

80 974 111 999 ιο
133 971 271 1002 νοντας
296 961 358 995 καὶ
385 960 479 1004 πρὸς
507 960 572 1001 οὓς
599 960 812 1001 διαλέγοιτο
838 959 951 1002 πρὸς
978 961 1068 993 τῶν
1096 961 1230 1001 Θεῶν,
1258 960 1303 992 οὔ
1328 959 1365 993 τί
1392 969 1466 993 που
1496 959 1551 993 δε-

134 1025 223 1066 διὼς
250 1025 364 1066 αὐτὸς
382 1025 404 1067 ἢ
428 1025 692 1066 δεδιττόμενος
718 1024 886 1066 ἐκείνους
912 1025 983 1066 τὴν
1011 1023 1216 1067 ἐπιορκίαν,
1245 1024 1355 1058 κενὸν
1376 1024 1416 1058 δὲ
1434 1026 1551 1067 τοῦτο

135 1091 194 1124 καὶ
220 1089 359 1131 ψευδὲς
385 1090 445 1124 καὶ
472 1089 590 1132 ἀργὸν
616 1090 675 1122 καὶ
704 1090 851 1131 ἄσημον
879 1088 1203 1131 ἐπιφθεγγόμενος
1228 1091 1308 1129 τοῖς
1333 1089 1461 1130 λόγοις
1488 1089 1552 1122 αὐ-

133 1157 203 1188 τοῦ
229 1153 456 1197 παράρτημα
484 1155 561 1187 κτλ.

33 1235 111 1288 3390
255 1234 452 1269 ORIGENES
480 1239 602 1266 contra
620 1234 764 1265 Celsum
792 1233 912 1266 v1166
939 1244 972 1276 p.
994 1233 1061 1267 386
1082 1233 1241 1266 Hoesch.
1272 1233 1332 1266 καὶ
1361 1234 1406 1266 οὐ
1435 1233 1551 1274 μόνον

34 1299 35 1305 ’
82 1311 111 1337 15
134 1299 178 1332 τὸ
206 1299 382 1341 εὔχεσθαι
412 1302 491 1339 τοῖς
520 1297 732 1339 ἀγάλμασιν
761 1297 904 1339 ἠλίθιόν
933 1297 1047 1339 ἐστιν,
1085 1297 1178 1331 ἀλλὰ
1205 1297 1276 1340 γὰρ
1305 1298 1364 1331 καὶ
1392 1298 1435 1330 τὸ
1465 1306 1554 1339 συμ-

135 1364 437 1408 περιφερόμενον
469 1365 548 1403 τοῖς
581 1364 735 1402 πολλοῖς
768 1363 1058 1405 προσποιεῖσθαι
1091 1364 1171 1402 τοῖς
1203 1361 1414 1402 ἀγάλμασιν
1451 1363 1554 1404 εὔχε-

137 1432 233 1473 σθαι,
273 1431 407 1464 ὁποῖον
440 1431 613 1462 ποιοῦσιν
648 1429 683 1461 οἰ
716 1427 762 1461 τὰ
795 1427 870 1460 ἀπὸ
903 1430 971 1460 τοῦ
1005 1427 1216 1469 περιπάτου
1250 1429 1556 1468 φιλοσοφοῦντες

33 1480 38 1525 ,ἶ
136 1495 195 1528 καὶ
216 1493 252 1528 οἱ
273 1494 320 1528 τὰ
339 1493 560 1536 Ἐπικούρου
588 1493 610 1534 ἢ
632 1492 875 1535 Δημοκρίτου
904 1492 1171 1533 ἀσπαζόμενοι.
1200 1492 1312 1525 οὐδὲν
1341 1492 1413 1535 γὰρ
1439 1492 1555 1526 νόθον

136 1559 206 1602 χρὴ
234 1557 458 1601 ἐνυπάρχειν
484 1561 530 1601 τῇ
558 1560 661 1600 ψυχῇ
689 1560 757 1591 τοῦ
786 1557 936 1599 ἀληθῶς
963 1556 1014 1597 είς
1039 1558 1083 1590 τὸ
1112 1559 1213 1590 θεῖον
1243 1558 1433 1599 εὐσεβοῦς.

12 1597 17 1700 ι
66 1641 109 1676 91
258 1639 451 1673 LAERTn's
478 1639 587 1673 ch.
617 1648 639 1672 11
669 1640 713 1673 97
759 1639 804 1681 ἦν
834 1640 874 1673 δὲ
900 1641 919 1673 ὁ
948 1639 1145 1682 Θεόδωρος
1179 1638 1420 1672 παντάπασιν
1455 1637 1556 1671 ἀναι-

80 1720 113 1745 21
136 1708 214 1750 ρῶν
241 1706 308 1747 τὰς
334 1706 418 1749 περὶ
445 1707 544 1739 θεῶν
570 1705 696 1745 δόξας·
726 1706 786 1738 καὶ
814 1706 932 1739 αὐτοῦ
960 1705 1231 1747 περιετύχομεν
1252 1702 1377 1746 βιβλίῳ
1406 1703 1557 1744 ἐπιγρα-

43 1765 49 1830 ι
137 1770 294 1815 φομὲνῳ
321 1769 415 1814 Περὶ
443 1772 542 1804 θεῶν
569 1771 638 1804 οὐκ
666 1770 1005 1813 εὐκατοιφρονήτψ7
1052 1770 1088 1804 ἐξ
1119 1769 1164 1803 οὐ
1192 1777 1309 1811 φασιν
1336 1766 1557 1810 Ἐπίκουρον

45 1833 51 1880 ί
137 1835 184 1870 τὰ
209 1837 367 1870 πλεῖστα
394 1835 559 1878 λαβόντα
587 1835 714 1870 εἰπεῖν.

42 1882 51 1958 2!
138 1897 336 1933 Omanmes
363 1904 486 1932 contra
513 1900 657 1932 Celsum
685 1907 756 1932 vm
781 1900 826 1933 45
855 1911 887 1942 p.
908 1899 978 1931 419
998 1898 1159 1930 Hoesch.
1188 1896 1464 1938 ἀναπλάσματα
1492 1905 1557 1937 μυ-

40 1975 51 2031 3·
82 1975 114 2000 ‘25
138 1963 234 2006 θικά,
262 1963 318 2005 οἷς
346 1963 428 1999 οὐδ’
455 1964 641 2007 Ἑλλήνων
668 1965 885 2019 φιλόσοφοιι
904 1963 1065 2006 αἱρέσεις
1092 1962 1399 2002 πεπιστεύκασιν,
1434 1960 1559 2002 ὥςπερ

37 2032 49 2067 Ἴί
138 2029 162 2071 ἡ
192 2028 435 2072 Δημοκρίτου
462 2030 522 2063 καὶ
549 2030 572 2072 ἡ
602 2029 825 2072 Ἐπικούρου
852 2029 913 2062 καὶ
941 2030 963 2070 ἡ
992 2027 1287 2071 Ἀριστοτέλους.

40 2069 49 2145 ί
141 2094 185 2126 cf.
209 2093 298 2127 ibid.
323 2101 338 2126 1
365 2093 411 2127 43
437 2105 472 2137 p.
492 2094 537 2127 33
565 2092 597 2128 εἰ
624 2094 690 2135 μὲν
714 2094 734 2128 ὁ
763 2093 933 2127 ἀπιστῶν
960 2095 1015 2136 τῷ
1042 2093 1126 2135 περὶ
1152 2094 1221 2125 τοῦ
1250 2090 1373 2130 εἴδους
1398 2092 1467 2132 τῆς
1494 2099 1558 2123 πε-

30 2147 48 2201 3
140 2159 314 2200 ριστερᾶς
340 2157 511 2201 φάσματι
537 2161 607 2192 τοῦ
634 2157 744 2199 ἁγίου
772 2158 988 2200 πνεύματος
1018 2156 1281 2198 ἀνεγέγραπτο
1308 2154 1561 2197 Ἐπικούρειος

142 2222 237 2256 εἶναι
263 2221 285 2264 ἢ
306 2221 581 2266 Δημοκρίτειος
607 2223 629 2266 ἢ
649 2223 964 2266 Περιπατητικός,
993 2222 1120 2265 χώραν
1148 2222 1192 2255 ἂν
1221 2222 1320 2263 εἶχεν
1348 2220 1560 2254 ἀκόλουθον

84 2298 117 2324 30
142 2288 196 2330 τῷ
224 2288 632 2332 προσωποποιουμένψ
658 2288 704 2322 τὸ
732 2288 948 2330 λεγόμενον.

37 2355 104 2403 392
263 2367 519 2402 varfficnvs
548 2371 628 2404 adu.
648 2370 802 2402 Coloten
828 2369 875 2402 22
901 2380 935 2412 p.
960 2365 1068 2401 1119d
1094 2367 1164 2400 οὐκ
1192 2366 1406 2408 ἄνθρωπον,
1434 2364 1464 2398 ὧ
1485 2363 1559 2397 Κω-

142 2433 257 2475 λῶτα,
287 2433 335 2475 μὴ
363 2432 484 2474 λέγειν
511 2432 689 2475 “ἀγαθὸν’
708 2433 798 2467 οὐδὲ
828 2432 951 2472 ἱππεῖς
969 2431 976 2441 ‘
986 2429 1155 2472 μυρίους’
1175 2429 1299 2463 δεινόν
1327 2428 1440 2469 ἐστιν,
1469 2425 1561 2460 ἀλλὰ

267 2581 282 2612 1
311 2581 576 2624 κατηκολούθη
601 2582 680 2614 Par.
721 2581 725 2623 Ι
765 2581 785 2614 2
814 2580 859 2613 ἂν
888 2590 944 2611 om
969 2580 1047 2612 Par.
1072 2578 1076 2620 ί
1100 2578 1337 2611 ἀπώλλοιντο
1363 2579 1441 2610 Par.
1470 2576 1563 2610 ἀπό-

142 2640 270 2673 λοιντο
289 2640 382 2671 Max.
424 2638 438 2682 ΙΙ
483 2640 525 2673 12
551 2640 694 2682 ψεῦδος
721 2650 763 2671 ex
790 2639 894 2671 libris
925 2638 1137 2670 Gaisfordus
1180 2637 1194 2680 1}
1242 2637 1282 2668 15
1304 2647 1358 2678 sq.
1387 2636 1430 2668 cf.
1458 2646 1564 2678 supra

142 2709 178 2741 p.
198 2699 279 2737 103,
299 2698 319 2732 7
335 2709 412 2741 sqq.
455 2697 470 2740 11
514 2698 560 2731 22
587 2697 824 2742 Ἐπίκουρον]
854 2697 1045 2740 Εὐήμερον
1074 2695 1299 2728 FNietzsche
1324 2705 1413 2727 muS.
1440 2694 1562 2726 Rhen.

143 2761 168 2790 t.
186 2764 273 2790 xxv
297 2768 331 2800 p.
353 2757 419 2789 231
449 2758 543 2801 turpi
571 2768 689 2790 errore
1489 2773 1526 2801 17
1541 2769 1562 2792 ἓξ
