1842 3250
203 214 273 248 190
658 212 861 245 EPICVRI
894 211 1156 244 CANONICA

200 326 328 370 χάνον,
355 325 558 368 φαίνονται
584 351 591 358 .
612 351 619 358 .
641 351 648 358 .
670 351 676 357 .
704 325 787 367 περὶ
814 327 862 366 τῇ
887 326 999 367 φωνῇ
1026 323 1071 357 τό
1097 322 1233 366 ἀληθὲς
1259 323 1320 356 καί
1345 324 1488 364 ψεῦδος
1514 322 1608 358 ἀπο-

200 389 368 434 λείπειν.]

248 467 305 499 ΙΙΙ
353 466 421 498 DE
446 464 644 497 ADFECT
648 465 681 496 V

108 526 178 560 260
323 525 516 560 Lfflu'rivs
543 525 653 561 Dloa.
685 535 712 559 x
739 527 785 560 34
828 525 930 569 πάθη
958 526 997 561 δὲ
1024 526 1199 567 λέγουσιν
1226 526 1320 561 εἶναι
1348 525 1428 568 δύο,
1467 525 1612 568 ἡδονὴν

203 592 263 625 καὶ
290 590 492 634 ἀλγηδόνα,
520 591 701 633 ἱστάμενα
727 592 812 635 περὶ
837 593 913 625 πᾶν
940 592 1058 641 ζῷον·
1085 592 1145 625 καί
1170 591 1242 633 τὴν
1269 590 1336 632 μὲν
1362 589 1514 632 οἰκεῖον,
1541 589 1613 631 τὴν
1637 598 1655 623 5

203 656 244 690 δὲ
268 655 485 699 ἀλλότριον·
517 656 562 689 δι’
587 655 642 690 ὧν
669 655 859 699 κρίνεσθαι
884 655 951 696 τὰς
976 655 1138 699 αίρέσεις
1165 655 1225 690 καὶ
1251 654 1385 697 φυγάς.

203 721 443 754 ARISTOCLES
469 720 618 754 Eusebii
646 731 764 764 praep.
792 731 918 762 euang.
943 727 1013 753 xlv
1033 720 1073 753 2}
1104 731 1138 763 p.
1158 718 1246 754 768⁶
1262 730 1314 762 sq.
1340 721 1408 761 τῆς
1435 717 1615 761 αἱρέσεως

203 785 264 818 καὶ
290 785 415 826 φυγῆς
447 783 566 827 ἀρχὴν
602 785 662 819 καὶ
696 783 888 827 κριτήριον
921 784 1019 826 ἔχειν
1055 784 1152 826 ἡμᾶς
1182 783 1253 825 τὴν
1287 782 1430 825 ἡδονὴν
1463 783 1521 816 καί
1547 782 1615 816 τὸν

203 849 324 883 πόνον
352 876 359 883 .
378 876 384 883 .
402 876 408 882 .
426 875 433 883 .
460 849 635 890 λέγουσιν
662 847 697 883 οἱ
723 849 807 891 περὶ
825 848 893 882 τὸν
911 847 1130 892 Ἐπίκουρον
1159 875 1165 881 .
1183 874 1190 882 .
1207 875 1214 882 .
1232 874 1238 882 .
1267 847 1459 882 τοσούτου
1485 845 1615 882 τοίνυν

204 913 326 955 ἔγωγε
354 913 428 947 δέω
460 913 581 955 λέγειν
609 913 729 957 ἀρχὴν
763 913 857 948 εἶναι
890 913 949 946 καί
985 912 1127 947 κανόνα
1157 914 1234 947 τῶν
1268 911 1421 953 ἀγαθῶν
1449 912 1508 946 καί
1534 913 1613 945 τῶν
1641 923 1673 946 ιο

205 979 332 1012 κακῶν
358 978 403 1012 τὸ
431 978 562 1019 πάθος,
590 976 675 1019 ιῦςτ’
702 978 829 1019 ἔμοιγε
857 978 958 1012 δοκεῖ
983 980 1099 1012 τοῦτο
1127 977 1222 1012 αὐτὸ
1248 976 1441 1020 κριτηρίου
1461 977 1614 1012 δεῖσθαι.

109 1046 175 1079 261
328 1042 470 1076 ΑΕΤινε
498 1048 541 1076 iv
567 1042 601 1080 9,
623 1043 663 1076 11
693 1052 726 1085 p.
746 1041 815 1075 397
834 1042 948 1075 Diels.
975 1040 1158 1081 (Parallel.
1178 1043 1212 1074 A
1233 1040 1290 1080 27,
1309 1040 1371 1085 32)
1398 1039 1616 1083 Ἐπίκουρος

203 1109 281 1141 τῶν
309 1105 500 1149 αἰσθητῶν
528 1106 669 1149 ἡδονὰς
693 1105 766 1149 ἤδη
793 1105 853 1139 καὶ
878 1105 946 1146 τὰς
971 1105 1100 1146 λύπας.

251 1188 319 1221 DE
343 1187 639 1220 NOTATIONE

107 1252 178 1286 262
325 1250 623 1298 Sxx'rvshempir.
647 1250 728 1283 adu.
755 1250 912 1291 dogmat.
940 1257 969 1282 11
996 1249 1280 1294 (mathemvm)
1311 1250 1372 1284 177
1401 1248 1616 1293 Ἐπίκουρος
1643 1259 1672 1283 15

205 1317 271 1358 μὲν
298 1316 370 1360 γὰρ
396 1317 456 1350 καὶ
484 1316 519 1350 οἱ
550 1318 791 1359 προεστῶτες
822 1315 941 1349 αὐτοῦ
968 1316 1036 1358 τῆς
1064 1314 1244 1357 αἱρέσεως
1278 1315 1406 1349 ἔλεξαν
1433 1313 1614 1358 αἰσθητὸν

204 1383 298 1416 είναι
323 1381 368 1414 τὸ
396 1383 563 1424 σημεῖον,
593 1379 628 1414 οἱ
654 1381 694 1414 δὲ
721 1380 797 1414 ἀπὸ
825 1383 893 1421 τῆς
919 1381 1033 1421 στοᾶς
1061 1380 1213 1423 νοητόν.

109 1446 179 1481 263
325 1444 588 1479 PLVTARCHVS
614 1445 694 1477 adu.
722 1444 874 1477 Coloten
901 1443 947 1476 29
972 1455 1005 1487 p.
1028 1432 1138 1478 1122st
1177 1444 1327 1485 τούτοις
1358 1443 1393 1478 οἳ
1424 1443 1477 1478 τὰ
1509 1454 1615 1486 φαι-

205 1510 382 1553 νόμενα
412 1512 506 1544 τῶν
540 1509 721 1551 ἀδήλων
753 1507 906 1543 πίστιν
944 1508 1064 1551 ἔχειν
1098 1508 1311 1551 φάσκουσιν
1347 1507 1523 1543 ἀπιστίαν
1553 1519 1614 1542 το-

206 1574 351 1617 σαύτην
378 1575 438 1608 καὶ
466 1573 655 1616 ἀσάφειαν
682 1575 720 1608 ἐν
747 1577 826 1614 τοῖς
852 1573 1096 1616 φαινομένοις
1122 1574 1297 1617 ὁρῶντες.
1639 1583 1672 1608 ’.ὀ

254 1657 321 1689 DE
346 1655 720 1689 DISPVTATIONE

111 1720 181 1754 264
327 1720 470 1754 CICERO
497 1720 542 1752 de
568 1719 697 1752 finibus
724 1727 753 1752 11
782 1720 812 1757 1,
833 1719 853 1752 3
874 1729 925 1762 sq.
964 1719 1100 1751 ‘omnis
1127 1719 1162 1751 in
1189 1718 1404 1761 quaerendo,
1440 1728 1530 1762 quae
1557 1719 1615 1750 uia

207 1786 359 1829 quadam
386 1790 419 1817 et
445 1785 582 1817 ratione
608 1783 769 1822 hibetur,
797 1783 911 1816 oratio
935 1783 1176 1826 praescribere
1205 1783 1353 1826 primum
1380 1783 1488 1814 debet
1515 1807 1544 1816 ..
1565 1806 1572 1815 .
1588 1806 1614 1821 .‚

207 1854 245 1883 ut
270 1850 362 1883 inter
396 1860 486 1893 quos
519 1849 706 1881 disseritur
739 1848 939 1887 conueniat,
981 1848 1067 1891 quid
1096 1848 1141 1880 sit
1171 1848 1206 1879 id
1235 1847 1279 1879 de
1305 1858 1376 1890 quo
1412 1847 1614 1880 disseratur.

206 1915 277 1947 hoc
302 1914 458 1958 positum
483 1914 520 1946 in
546 1913 712 1946 Phaedro
740 1923 759 1945 a
784 1912 936 1945 Platone
966 1912 1133 1955 probauit
1159 1912 1335 1954 Epicurus
1369 1911 1552 1954 sensitque
1579 1912 1614 1944 in
1638 1919 1671 1946 25

209 1978 304 2012 omni
330 1978 573 2022 disputatione
599 1977 638 2009 id
663 1977 738 2009 fieri
764 1981 942 2021 oportere.
995 1976 1057 2008 sed
1084 1976 1181 2019 quod
1208 1976 1404 2019 proximum
1432 1976 1508 2014 suit,
1544 1987 1615 2009 non

208 2043 316 2081 uidit;
335 2048 440 2084 negat
459 2042 551 2075 enim
571 2041 710 2074 definiri
729 2052 802 2074 rem
820 2041 971 2085 plaeere,
992 2041 1068 2073 sine
1087 2052 1158 2084 quo
1178 2041 1252 2072 fieri
1271 2040 1446 2073 interdum
1465 2050 1536 2072 non
1554 2051 1616 2083 po·

208 2112 278 2140 test
304 2111 343 2140 ut
367 2107 459 2139 inter
481 2116 543 2138 eos
568 2108 627 2149 qui
647 2106 833 2147 ambigunt
857 2105 1054 2144 conueniat,
1083 2106 1169 2149 quid
1189 2105 1234 2137 sit
1251 2104 1288 2137 id
1307 2104 1352 2137 de
1373 2115 1443 2147 quo
1463 2104 1615 2146 agatur'.

115 2172 184 2206 265
329 2169 522 2205 Lixnuvs
550 2168 658 2203 ono.
687 2177 713 2202 x
740 2170 785 2203 34
828 2171 905 2203 τῶν
932 2178 973 2203 τε
999 2168 1196 2211 ζητήσεων
1223 2169 1317 2203 εῖναι
1342 2167 1410 2210 τὰς
1436 2169 1503 2210 μὲν
1531 2168 1615 2212 περὶ

207 2237 286 2270 τῶν
313 2234 559 2278 πραγμάτων,
584 2234 653 2276 τὰς
679 2234 717 2268 δὲ
743 2234 827 2277 περὶ
853 2232 967 2275 ψιλὴν
995 2234 1067 2275 τὴν
1093 2232 1239 2276 φωνήν.
1637 2242 1672 2267 30

336 2329 350 2360 1
379 2327 534 2371 pessime
561 2332 651 2359 errat
677 2327 816 2360 Sextus.
860 2325 1042 2369 aliquanto
1072 2326 1202 2359 rectius
1228 2327 1365 2360 tertiam
1392 2325 1615 2365 sententiam,

209 2397 279 2429 qua
303 2396 426 2418 uerum
446 2390 480 2418 et
497 2385 626 2418 falsum
652 2385 736 2428 περὶ
760 2386 807 2428 τῇ
835 2384 978 2426 κινήσει
1003 2388 1072 2427 τῆς
1098 2383 1263 2427 διανοίας
1290 2386 1526 2424 constituitur,
1554 2395 1616 2427 po-

209 2448 299 2476 terat
324 2444 370 2476 ad
387 2444 581 2488 Epicurum
603 2444 750 2476 referre:
778 2443 866 2476 haec
893 2445 1085 2486 σχολικῶς,
1112 2444 1238 2487 inquit,
1265 2444 1364 2479 ἔοικε
1387 2443 1616 2479 πλάττεσθαι

209 2500 227 2548 ξ
249 2503 303 2541 13,
331 2508 366 2536 at
393 2503 461 2536 137
489 2503 540 2543 ὡς
565 2502 781 2545 ὑπενόησαν
808 2512 907 2544 τινες
948 2502 963 2546 ΙΙ
1004 2502 1027 2536 8
1053 2503 1097 2536 cf.
1125 2503 1165 2535 fr.
1187 2503 1268 2536 245.
1298 2503 1368 2537 256
1395 2508 1430 2535 et
1457 2502 1573 2535 ethica
1606 2500 1616 2545 Γ

213 2562 256 2595 15
282 2562 326 2594 de
347 2563 533 2594 notatione
553 2562 597 2594 cs.
615 2561 850 2594 Philodemus
876 2562 960 2604 περὶ
988 2560 1153 2604 σημείων
1180 2562 1240 2595 καὶ
1267 2560 1511 2603 σημειώσεων
1528 2559 1617 2592 VH²

208 2628 249 2654 lv
272 2621 384 2654 1—41
417 2626 451 2653 et
478 2621 514 2652 in
542 2620 746 2663 Gomperzii
780 2619 871 2654 stud.
897 2620 1090 2653 Herculan.
1118 2620 1201 2652 fasc.
1230 2628 1243 2653 1
1285 2630 1362 2652 cum
1389 2619 1616 2651 FBahnschii

209 2679 339 2712 libello
365 2679 441 2711 Des
459 2679 681 2721 Epicureus
704 2679 939 2711 Philodemus
965 2679 1106 2723 schrift
1129 2678 1222 2721 Περὶ
1249 2677 1415 2720 σημείων
1443 2678 1501 2711 καὶ
1529 2686 1613 2720 σημ.

211 2738 335 2781 (Lyck.
359 2738 462 2780 1879)
507 2736 521 2781 ΙΙ
567 2738 607 2772 18
635 2736 697 2782 τὰ]
724 2738 771 2772 τὰ
797 2738 846 2780 μὴ
873 2738 914 2771 ci.
936 2738 1235 2781 XVyttenbachius
1263 2738 1349 2769 miro
1378 2747 1492 2768 errore
