1846 3288
241 218 289 253 88

290 398 356 430 DE
384 398 628 431 SERMONE
653 397 719 431 AC
745 398 885 432 STILO
911 397 1117 430 EPICVRI

363 489 558 525 LAERTIVS
577 489 686 525 DioG.
708 499 731 526 x
756 491 798 525 13
826 491 1002 534 κέχρηται
1022 491 1062 526 δέ
1080 491 1174 526 λέξει
1201 489 1310 535 κυρίᾳ
1329 491 1424 525 κατὰ
1441 493 1519 525 τῶν
1538 502 1654 536 πραγ-

242 555 384 598 μάτων,
415 555 462 598 ἣν
492 555 549 590 ὅτι
576 555 757 598 ἰδιωτάτη
785 554 899 597 ἐστίν,
928 555 1204 599 Ἀριστοφάνης
1221 556 1241 590 ὁ
1260 556 1514 599 γραμματικὸς
1539 556 1655 590 αἰτιᾶ·

241 631 313 654 ται.
348 621 474 662 σαφὴς
493 621 523 654 δ’
545 620 591 662 ἦν
617 621 740 662 οὕτως
767 620 817 661 ὡς
845 622 904 655 καὶ
932 621 974 655 ἐν
1000 623 1055 662 τῷ
1073 620 1168 664 Περὶ
1193 621 1395 664 ῥητορικῆς
1420 620 1513 656 ἀξιοῖ
1540 622 1656 664 μηδὲν

244 686 335 720 ἄλλο
361 685 386 728 ἢ
413 685 625 728 σαφήνειαν
653 686 835 720 ἀπαιτεῖν.

364 765 507 801 CICERO
541 767 584 799 de
612 767 743 799 finibus
770 775 784 800 Ι
812 767 844 805 5,
875 766 918 800 14
937 778 988 809 sq.
1041 766 1255 811 (Torquatus
1284 766 1327 798 ad
1355 767 1404 799 M.
1432 764 1656 810 Ciceronem)
1683 775 1698 800 5

245 832 326 864 ‘sed
352 833 515 864 existimo
541 837 576 863 te
602 833 691 863 sicut
717 837 875 864 nostrum
895 833 1068 864 Triarium
1096 832 1210 864 minus
1239 831 1283 864 ab
1311 842 1354 863 eo
1381 830 1571 875 (Epicuro)
1597 832 1658 863 de·

243 897 381 934 lectari,
424 897 521 938 quod
557 897 626 928 ista
662 897 824 928 Platonis
860 897 1051 928 Aristoteli
1077 896 1316 939 Theophrasti
1353 896 1523 928 orationis
1561 907 1658 927 orna-

245 966 362 993 menta
401 960 611 1002 neglexerit.
662 971 740 992 nam
781 961 871 992 illud
913 961 1057 1004 quidem
1091 961 1220 992 adduci
1253 961 1310 992 uix
1343 970 1505 1003 possum,
1545 965 1582 991 ut
1618 970 1659 992 ea

246 1036 335 1067 quae
353 1025 515 1057 ,senserit
544 1025 608 1057 ille
635 1026 701 1057 tibi
728 1036 798 1057 non
826 1036 909 1057 uera
936 1026 1134 1059 uideantur,
1173 1025 1267 1057 Vide
1295 1029 1477 1067 quantum,
1504 1024 1657 1067 inquam,

246 1088 383 1127 fallare,
411 1091 601 1132 Torquate.
639 1093 753 1122 oratio
779 1101 834 1121 me
860 1090 963 1122 istius
990 1090 1200 1133 philosophi
1227 1100 1297 1121 non
1325 1089 1491 1121 offendit:
1519 1099 1598 1121 nam
1626 1093 1660 1120 et
1686 1097 1717 1122 ιο

245 1154 495 1196 complectitur
528 1154 648 1186 uerbis
682 1155 779 1197 quod
813 1154 889 1186 uolt
924 1160 957 1186 et
992 1153 1078 1186 dicit
1107 1154 1211 1196 plane
1240 1154 1336 1196 quod
1363 1153 1585 1193 intellegam
1627 1157 1661 1184 et

246 1226 361 1251 tamen
387 1229 455 1260 ego
483 1230 501 1250 a
529 1217 762 1262 philosopho,
802 1219 831 1250 si
865 1219 983 1251 afferat
1019 1219 1269 1260 eloquentiam,
1312 1228 1382 1249 non
1408 1227 1592 1259 asperner3
1630 1216 1661 1248 si

246 1295 318 1316 non
345 1284 487 1322 habeat,
516 1295 586 1315 non
613 1284 804 1316 admodum
832 1283 995 1323 flagitem.
1039 1293 1076 1315 re
1103 1283 1189 1314 mihi
1216 1292 1286 1313 non
1315 1292 1426 1324 aeque
1454 1281 1539 1313 satis
1566 1281 1661 1320 facit,

248 1353 283 1380 et
308 1349 451 1391 quidem
478 1348 569 1380 locis
597 1348 790 1391 pluribus-1

369 1426 537 1460 GELLWS
564 1438 598 1460 n.
625 1439 655 1461 a.
682 1434 710 1460 n
740 1427 773 1466 9,
801 1428 821 1460 4
876 1426 999 1460 ‘nimis
1025 1428 1159 1460 minute
1188 1438 1228 1459 ac
1253 1438 1365 1470 prope
1392 1428 1497 1460 etiam
1531 1427 1661 1459 subsri-
1688 1432 1719 1458 15

250 1494 333 1533 gide
364 1491 576 1525 Plutarchus
605 1490 668 1535 [sc.
697 1492 733 1523 in
759 1491 851 1524 libro
880 1500 907 1524 11
936 1493 979 1524 de
1007 1490 1185 1535 Homero]
1214 1490 1250 1523 in
1277 1492 1432 1534 Epicuro
1460 1491 1660 1524 accusando

248 1559 439 1600 λεξιθηρεῖ.
468 1557 531 1589 has
559 1557 652 1589 enim
678 1567 779 1589 curas
806 1568 934 1589 uocum
962 1557 1227 1599 uerborumque
1247 1557 1442 1597 elegantias
1461 1567 1534 1589 non
1553 1555 1661 1588 modo

248 1633 319 1654 non
347 1626 501 1654 sectatur
527 1622 715 1665 Epicurus,
741 1622 805 1653 sed
833 1621 938 1654 etiam
964 1620 1183 1654 iusectatur’.

370 1703 515 1737 CICERO
542 1704 588 1735 de
614 1703 745 1736 finibus
772 1711 801 1736 11
827 1704 861 1742 4,
893 1704 936 1736 12
979 1703 1115 1745 ‘itaque
1144 1703 1213 1735 hoc
1241 1703 1444 1746 frequenter
1470 1701 1543 1735 dici
1569 1700 1663 1734 solet

250 1780 268 1800 a
295 1768 414 1808 uobis,
443 1779 513 1800 nou
541 1768 753 1809 intellegere
782 1779 848 1800 nos
875 1778 981 1812 quam
1007 1768 1102 1800 dicat
1130 1768 1305 1811 Epicurus
1332 1767 1555 1810 uoluptatem
1582 1792 1590 1801 .
1607 1794 1613 1801 .
1632 1793 1661 1800 ..
1687 1776 1720 1800 20

249 1834 282 1873 5,
312 1833 356 1867 15
388 1834 437 1865 Et
463 1838 579 1865 tamen
612 1832 695 1865 uide
731 1842 775 1865 ne
808 1833 838 1865 si
864 1842 932 1873 ego
959 1843 1031 1865 non
1057 1832 1265 1874 intellegam
1298 1832 1384 1874 quid
1412 1832 1586 1875 Epicurus
1612 1830 1664 1863 lo-

249 1903 376 1941 quatur
403 1924 410 1932 .
426 1923 433 1931 .
451 1922 478 1936 .,
507 1898 552 1929 sit
579 1896 701 1941 aliqua
726 1896 832 1940 culpa
859 1897 935 1930 eius
961 1898 1020 1940 qui
1047 1897 1096 1929 ita
1122 1896 1290 1939 loquatur
1316 1901 1355 1929 ut
1379 1906 1451 1928 non
1476 1895 1663 1937 intellega-

248 1967 315 1996 tur.
366 1963 464 2005 quod
497 1962 640 1994 duobus
675 1961 792 1994 modis
828 1963 904 1994 sine
932 1961 1161 2005 reprensione
1189 1962 1239 2000 fit,
1278 1962 1308 1994 si
1335 1966 1394 1994 aut
1419 1961 1465 1994 de
1491 1959 1667 1993 industria

251 2027 360 2060 facias
393 2032 430 2059 ut
457 2027 664 2060 Heraclitus
693 2052 701 2060 .
721 2052 729 2060 .
751 2052 757 2060 .
784 2032 843 2059 aut
870 2037 948 2059 curn
975 2038 1090 2059 rerum
1118 2026 1329 2064 obscuritas,
1367 2037 1438 2058 non
1474 2025 1664 2057 uerborum

252 2092 337 2125 facit
363 2097 399 2124 ut
426 2101 498 2124 non
525 2091 755 2132 intellegatur
780 2092 904 2128 oratio,
932 2090 1048 2133 qualis
1077 2095 1130 2123 est
1157 2091 1190 2123 in
1209 2091 1354 2123 Timaeo
1374 2089 1546 2122 Platonis.
1583 2088 1666 2132 Epi·
1689 2094 1722 2119 25

253 2167 357 2189 curus
385 2162 513 2198 autem,
541 2161 579 2188 ut
596 2156 735 2198 opinor,
764 2166 829 2188 nec
855 2166 927 2188 non
954 2155 1043 2193 uolt,
1071 2156 1099 2187 si
1119 2154 1245 2198 possit,
1272 2155 1379 2198 plane
1406 2159 1440 2187 et
1467 2158 1586 2197 aperte
1613 2153 1666 2186 lo-

251 2222 323 2265 qui,
359 2231 423 2253 nec
451 2220 495 2252 de
521 2231 558 2252 re
586 2220 750 2258 obscura,
786 2223 822 2251 ut
849 2219 1000 2262 physici,
1036 2224 1095 2252 aut
1121 2219 1321 2256 artificiosa,
1355 2223 1394 2250 ut
1418 2218 1667 2261 mathematici,

254 2287 318 2319 sed
349 2286 393 2318 de
420 2285 552 2317 illustri
580 2289 614 2316 et
641 2284 739 2316 sacili
767 2289 801 2317 et
826 2283 895 2316 iam
921 2284 957 2316 in
983 2284 1113 2325 uolgus
1141 2289 1331 2327 peruagata
1357 2282 1544 2327 loquitur’.

373 2369 474 2400 Idem
507 2367 552 2399 de
585 2373 654 2399 nat.
681 2367 781 2400 deor.
812 2374 825 2399 1
851 2366 909 2408 31,
936 2366 982 2399 85
1030 2365 1087 2397 ‘in
1120 2366 1186 2398 hac
1219 2365 1267 2397 ita
1302 2365 1462 2408 exposita
1495 2363 1669 2396 sententia

254 2431 337 2476 [Ep.
366 2438 453 2467 sent.
472 2430 501 2476 1]
530 2436 611 2464 sunt
637 2431 698 2474 qui
725 2431 937 2470 existiment,
973 2431 1068 2473 quod
1097 2429 1160 2463 ille
1187 2430 1328 2462 inscitia
1357 2429 1463 2472 plane
1494 2427 1668 2471 loquendi
1692 2429 1724 2455 ³0

256 2497 398 2535 fecerat,
427 2497 555 2529 secisse
575 2496 757 2529 consulto:
788 2496 832 2527 de
855 2496 1001 2527 homine
1027 2495 1169 2527 minime
1197 2495 1295 2526 uafro
1320 2493 1411 2526 male
1439 2491 1668 2525 existimant'.

377 2577 478 2609 Idem
497 2578 541 2609 de
562 2577 692 2609 finibus
719 2584 745 2608 n
766 2576 798 2615 6,
819 2576 860 2608 18
886 2575 987 2607 ‘dum
1014 2575 1235 2607 dialecticam
1263 2575 1456 2606 contemnit
1483 2574 1669 2617 Epicurus,

255 2653 344 2685 quae
383 2652 452 2674 una
484 2642 644 2674 continet
674 2651 814 2689 omnem
847 2646 881 2672 et
916 2639 1168 2683 perspiciendi,
1208 2639 1293 2682 quid
1319 2640 1355 2671 in
1383 2649 1522 2681 quaque
1550 2649 1586 2670 re
1613 2637 1668 2675 sit,

377 2751 399 2784 2
419 2750 696 2793 ἰδιωτικωτάτη
711 2750 900 2792 Menagius
920 2749 1088 2792 ὶδιωτικὴ
1101 2749 1233 2782 Bakius
1249 2749 1293 2782 ad
1307 2748 1537 2781 cleomedem
1555 2759 1589 2791 p.
1602 2746 1670 2780 426
