1842 3250
224 576 294 610 204

323 221 389 255 162
766 221 876 253 EPIC
882 222 911 252 V
916 222 971 253 Rt
1003 221 1033 253 E
1040 220 1280 253 PISTVLAE

319 337 423 386 νεῑς’
473 339 624 390 σαυτῷ
655 335 737 386 γὰρ
769 334 1002 386 ἀορίστους
1033 335 1203 387 φόβους
1235 334 1303 375 καὶ
1334 333 1557 384 ἐπιθυμίας
1592 343 1727 386 προσ-

321 408 505 459 βάλλεις.

322 480 568 515 Pomm-mvs
597 481 640 514 ad
667 481 876 513 Marcellam
905 480 951 513 29
976 492 1010 523 p.
1030 480 1111 519 209,
1133 480 1162 513 1.

433 561 675 612 γεγόναμεν
715 559 839 611 ἅπαξ,
885 560 949 612 δὶς
988 562 1033 602 δὲ
1074 560 1153 602 οὐκ
1190 559 1283 601 ἔστι
1318 560 1541 609 γενέσθαι·
1587 561 1730 603 δεῖδὲ

319 635 396 676 τὸν
428 633 567 675 αἰῶνα
598 633 740 684 μηκέτ’
774 631 892 674 εἶναι.
924 633 980 674 σὺ
1012 634 1059 674 δὲ
1090 635 1167 683 τῆς
1198 631 1350 684 αὔριον
1381 632 1460 674 οὐκ
1490 632 1553 674 ὢν
1584 632 1731 684 κύριος

321 706 543 762 ἀναβάλλῃ
565 708 642 748 τὸν
665 705 833 757 καιρόν·
865 705 889 747 ὁ
912 706 960 746 δὲ
982 705 1158 747 πάντων
1190 703 1283 757 βίος
1308 706 1541 760 μελλησμῷ
1562 718 1729 756 παραπ-

320 780 498 821 όλλυται
534 778 603 820 καὶ
634 778 703 820 διὰ
733 780 864 820 τοῦτο
897 777 1082 828 ἕκαστος
1112 776 1233 828 ἡμῶν
1265 777 1595 829 ἀσχολούμενος
1625 776 1730 820 ἀπο-

319 853 506 906 θνῄσκει.

319 924 488 958 ΙυΛΝΝΕΒ
514 922 713 958 S'l'oBAEvs
740 924 844 956 floril.
871 923 1005 958 :zi-'123
1033 923 1253 967 Ἐπικούρου
1280 923 1471 967 (Arsenius
1490 923 1731 964 Paroemiogr.

320 989 479 1029 Gotting.
507 994 531 1021 t.
550 996 578 1022 11
605 1000 638 1031 p.
660 987 742 1026 341,
761 987 824 1021 25:
851 987 1072 1030 Ἐπικούρου
1100 989 1123 1030 ή
1150 986 1304 1028 γενναία
1330 988 1427 1030 αὕτη
1454 987 1657 1032 ὑποθήκη).

320 1052 580 1087 ΡῙΝΤΑΒΟΗΥΞ
608 1057 730 1085 contra
756 1052 901 1095 Epicuri
926 1052 1183 1084 beatitudinem
1208 1052 1254 1085 27
1280 1063 1314 1095 p.
1338 1053 1444 1086 11040
1480 1051 1516 1086 οἱ
1539 1053 1649 1086 ταυτὶ
1673 1051 1730 1087 λέ·

318 1128 451 1159 γοντες
476 1116 620 1151 “arraz
652 1117 887 1159 ἅνθρωποι
921 1116 1178 1159 γεγόναμεν
1297 1116 1456 1151 ε’ἱναι”.
1501 1116 1659 1159 καὶγὰρ
1685 1116 1730 1151 τὸ

319 1182 440 1225 παρὸν
476 1180 528 1224 ὡς
563 1181 683 1224 μικρό*
747 1182 887 1222 μᾶλλον
923 1180 963 1214 δὲ
998 1178 1086 1223 μηδ’
1121 1181 1250 1214 ὁτιοῦν
1289 1180 1384 1223 πρὸς
1421 1181 1490 1215 τὸν
1529 1181 1730 1222 σύμπαντα

320 1245 483 1290 (αἰῶνα)
525 1245 774 1288 ἀτιμάσαντες
816 1245 1110 1280 ἀναπόλαυστον
1148 1244 1343 1288 προΐενται
1381 1245 1443 1280 καὶ
1480 1244 1730 1289 ὀλιγωροῦσιν

319 1311 455 1355 ἀρετῆς
480 1312 540 1345 καί
566 1310 736 1354 πράξεως
765 1312 840 1345 κτλ.

318 1376 406 1409 ibid.
433 1375 480 1408 ἓῖ)
504 1385 539 1418 p.
562 1372 668 1408 11061
692 1373 785 1415 “big
809 1373 881 1417 γὰρ
909 1374 990 1408 οὐκ
1109 1374 1166 1416 μὴ
1194 1373 1342 1409 εἶναι”
1369 1373 1449 1408 κατ’
1475 1373 1706 1418 Ἐπίκουρον.

440 1455 590 1491 SENECA
618 1467 673 1499 ep.
700 1456 756 1494 26,
778 1456 799 1489 8
825 1455 982 1488 ‘interim
1009 1456 1250 1488 commodabit
1275 1456 1463 1499 EpicuruS,
1489 1457 1550 1500 qui
1576 1456 1624 1488 ait
1649 1466 1732 1488 me·

321 1522 461 1554 ditare
488 1526 662 1554 mortem
688 1521 759 1559 uel,
795 1521 824 1553 si
852 1521 1075 1552 commodius
1102 1521 1158 1559 sit,
1192 1520 1382 1552 transire
1408 1520 1461 1552 ad
1487 1520 1628 1554 diuos.
1672 1518 1730 1554 hic

319 1591 416 1629 patet
434 1596 578 1618 sensus:
606 1586 748 1627 egregia
773 1595 828 1617 res
855 1590 909 1617 est
934 1591 1082 1617 mortem
1106 1585 1315 1617 condiscere
1343 1609 1351 1619 .
1370 1610 1378 1618 .
1397 1608 1406 1618 .
1424 1584 1623 1617 “meditare
1640 1595 1731 1617 mor-

319 1649 415 1683 tem²³
441 1650 501 1694 qui
527 1649 596 1682 hoc
622 1650 720 1688 dicit,
747 1649 907 1682 meditari
932 1649 1133 1682 libertatem
1158 1649 1268 1683 iubet.
1294 1649 1356 1692 qui
1381 1650 1469 1682 mori
1495 1649 1632 1686 didicit,
1659 1659 1731 1681 ser·

320 1716 394 1747 nire
426 1714 624 1747 dedidicit’.

319 1780 363 1812 cf.
388 1779 607 1823 Porphyrius
637 1779 681 1811 de
707 1778 834 1812 abstin.
865 1785 879 1810 Ι
906 1778 949 1811 51
995 1776 1032 1812 οἱ
1059 1779 1154 1819 γοῦν
1186 1778 1320 1812 πολλοὶ
1346 1803 1354 1811 .
1375 1804 1382 1811 .
1410 1776 1472 1812 καί
1503 1788 1573 1822 περ
1609 1777 1730 1813 πολλὰ

318 1843 550 1886 κεκτημένοι,
578 1843 629 1884 ὡς
648 1842 935 1884 ὑπολειψὸντιυν
963 1841 1132 1885 ἀνήνυτα
1159 1843 1364 1885 μοχθοῦσιν
1384 1870 1391 1876 .
1412 1869 1419 1876 .
1439 1869 1446 1876 .
1474 1841 1730 1878 ὑπολείπονται

319 1908 359 1942 δὲ
385 1908 444 1943 καὶ
473 1907 521 1942 τὰ
544 1910 703 1942 τοιαῦτα
729 1907 774 1941 οὐ
800 1906 978 1950 ταράττει
1003 1906 1071 1940 τὸν
1092 1905 1418 1950 ἀποθνῄσκειν
1453 1908 1728 1949 μελετῶντα.

432 1991 771 2040 magnificentior,
803 1991 899 2028 mihi
932 1991 1072 2035 crede,
1106 2001 1239 2028 sermo
1272 1997 1365 2029 tuus
1396 1990 1438 2028 in
1467 1991 1640 2040 grabato
1671 1992 1732 2029 ui-

320 2065 484 2103 debitur
518 2071 560 2102 et
596 2066 636 2102 iu
673 2076 825 2115 panno.
886 2076 969 2102 non
999 2065 1109 2102 enim
1140 2065 1329 2103 dicentur
1367 2070 1526 2102 tantum
1554 2064 1623 2102 illa
1654 2063 1731 2101 sed

319 2138 614 2187 probabuntur.

318 2194 469 2243 SENECA
497 2209 600 2253 epist.
621 2209 677 2247 20,
697 2209 718 2242 9
743 2208 922 2241 ‘inuideas
949 2207 1046 2247 licet,
1072 2209 1177 2242 etiam
1202 2219 1295 2243 nuuc
1319 2208 1474 2242 libenter
1498 2220 1563 2253 pro
1590 2219 1646 2241 me
1672 2208 1733 2240 de·

444 2335 459 2366 1
489 2333 607 2368 αὑτὸν
633 2334 747 2367 codex
804 2334 820 2377 ss
879 2335 901 2366 4
928 2334 1164 2375 fragmentum
1195 2344 1275 2366 esse
1301 2333 1457 2366 conicias
1485 2333 1660 2377 epistulae
1687 2332 1732 2365 ad

319 2394 553 2426 Idomeneum
580 2393 624 2427 cf.
651 2393 692 2426 fr.
716 2394 781 2427 133
810 2404 843 2435 p.
866 2393 945 2431 142,
971 2394 1008 2425 11
1027 2404 1079 2435 sq.
1105 2393 1265 2425 Lactant.
1286 2393 1320 2425 d.
1340 2393 1422 2426 inst.
1440 2400 1485 2426 ΠΙ
1506 2392 1561 2430 17,
1575 2391 1622 2426 38
1643 2392 1649 2426 Ι
1670 2401 1730 2434 γε·

319 2452 486 2494 γόναμεν
513 2451 610 2486 ἅπαξ
637 2452 737 2485 Stob.
766 2451 863 2486 ἅπαξ
889 2453 1084 2494 ἄνθρωποι
1109 2452 1320 2493 γεγόναμεν
1346 2451 1559 2484 Plutarchus
1581 2451 1587 2495 Ι
1609 2452 1664 2493 δὶς
1692 2451 1732 2485 δὲ

320 2511 414 2544 Plut.
443 2511 497 2553 δὶς
523 2511 624 2544 Stob.
663 2510 668 2552 Ι
708 2511 729 2544 5
754 2510 804 2552 μὴ
831 2510 926 2545 εἶναι
944 2510 1039 2543 Piut.
1059 2520 1089 2543 c.
1106 2510 1154 2544 30
1191 2510 1198 2552 1
1239 2511 1283 2543 14
1309 2509 1560 2554 ἀτιμήσαντες
1584 2510 1696 2551 uolgo
1719 2505 1733 2550 l}

324 2570 366 2602 17
392 2580 505 2613 prope
532 2570 672 2602 accedit
698 2569 843 2612 Epicuri
868 2574 1094 2612 praeceptum
1120 2579 1176 2612 ep.
1195 2577 1240 2602 111
1263 2569 1329 2602 124
1354 2580 1387 2612 p.
1407 2569 1465 2607 60,
1489 2570 1530 2602 15
1575 2568 1582 2611 Ι
1630 2568 1674 2601 18
1701 2568 1732 2600 si

320 2630 542 2662 commodius
563 2627 624 2673 sit]
640 2630 683 2662 cf.
700 2629 782 2662 Seu.
802 2639 858 2672 ep.
876 2630 910 2668 9,
925 2630 982 2663 20.
1009 2629 1066 2667 23,
1084 2629 1117 2663 9.
1144 2628 1201 2667 97,
1219 2629 1261 2662 13
1284 2628 1290 2672 Ι
1312 2630 1364 2660 ad
1380 2630 1483 2661 diuos
1502 2628 1673 2661 Haasius:
1693 2631 1735 2659 at

320 2699 380 2720 nos
403 2698 425 2730 p
451 2689 502 2719 ed
518 2699 584 2720 nos
610 2688 717 2720 ceteri
751 2688 766 2731 fl
801 2688 846 2721 25
865 2690 1041 2729 grabatto
1060 2689 1099 2720 M
1125 2691 1163 2720 ut
1189 2691 1391 2720 constanter
1416 2686 1453 2720 in
1477 2687 1565 2719 actis
1591 2691 1733 2729 aposto·

321 2746 435 2778 lorum
462 2745 677 2790 apocryphis
704 2746 784 2780 cod.
810 2746 1111 2789 Guelferbytanus
1137 2746 1230 2778 inter
1251 2746 1582 2787 Wizanburgenses
1609 2756 1643 2777 n.
1661 2744 1707 2778 48

1753 645 1770 673 ⁵

1757 1002 1789 1027 10

1756 1326 1789 1351 15

1755 1656 1788 1681 20

1754 2006 1789 2033 25
