1842 3250
746 418 805 455 IV
863 418 1074 457 ETHICA

109 537 178 571 396
324 535 545 571 Lvoari'rrvs
571 546 611 571 νι
637 539 659 572 9

356 601 452 634 ‘nam
471 612 549 634 cum
566 602 659 634 uidit
678 602 735 634 hic
755 604 964 647 (Epicurus)
983 606 1027 636 ad
1047 605 1178 637 uictum
1199 616 1289 648 quae
1308 605 1441 647 flagitat
1463 617 1545 637 usus

287 673 350 705 (10)
374 666 494 699 omnia
521 667 591 699 iam
619 667 728 699 ferme
755 668 967 700 mortalibus
995 679 1075 701 esse
1100 675 1222 712 parata

162 806 178 831 5

282 996 345 1029 (¹⁵)

147 1131 195 1154 io.

282 1319 345 1350 (20)

148 1449 178 1473 15

283 1642 344 1676 (25)

143 1773 178 1799 20

371 735 406 763 et
431 741 497 773 pro
523 741 628 774 quam
653 736 777 774 posset
803 732 911 764 uitam
937 733 1134 765 consistere
1161 738 1283 772 tutam,

371 794 509 827 diuitiis
536 795 700 827 homines
727 801 761 828 et
787 796 925 829 honore
953 803 986 829 et
1013 798 1120 830 laude
1145 799 1303 840 potentis

371 859 501 893 afluere
529 865 635 903 atque
662 861 758 893 bona
784 867 970 902 gnatorum
997 862 1175 894 excellcre
1201 863 1304 901 fama,

371 935 438 957 nec
462 924 579 957 minus
606 936 685 957 esse
711 926 808 958 domi
835 926 999 969 cuiquam
1025 932 1141 958 tamen
1170 927 1272 959 anxia
1299 928 1406 959 eorda

370 994 477 1033 atque
503 990 609 1022 animi
635 990 781 1032 ingratis
808 991 916 1023 uitam
942 1001 1071 1023 nexare
1098 994 1225 1023 timore

369 1054 573 1098 passimque
599 1054 740 1087 infestis
766 1055 870 1096 cogei
896 1056 1034 1087 saeuire
1060 1056 1251 1098 querellis:

369 1119 552 1160 intellegit
577 1118 629 1151 ibi
655 1119 809 1151 uitium
834 1130 909 1151 uas
937 1120 1126 1152 efficere
1152 1122 1294 1164 ipsum

370 1184 560 1227 omniaque
586 1184 686 1216 illius
713 1184 803 1216 uitio
828 1185 1048 1228 corrumpier
1073 1186 1180 1224 intus,

369 1259 461 1291 quae
488 1249 630 1281 conlata
655 1249 743 1281 soris
772 1254 805 1281 et
834 1250 1022 1281 commoda
1048 1260 1199 1292 cumque
1225 1251 1400 1288 uenirent,

369 1313 496 1356 partim
522 1314 620 1356 quod
645 1313 776 1346 fluxum
803 1318 1057 1357 pertusumque
1084 1325 1162 1347 esse
1190 1315 1346 1354 uidebat,

370 1383 409 1410 ut
434 1377 533 1410 nulla
557 1383 681 1421 posset
710 1378 845 1410 ratione
872 1378 1047 1421 explerier
1073 1389 1249 1421 umquam,

370 1443 495 1485 partim
524 1443 621 1485 quod
648 1447 759 1475 taetro
789 1444 889 1485 quasi
916 1454 1152 1486 conspurcare
1179 1454 1307 1486 sapore

373 1507 491 1539 omnia
521 1508 687 1539 cernebat
713 1518 803 1550 quae
830 1519 980 1551 cumque
1006 1513 1188 1551 receperat
1213 1509 1320 1540 intus.

372 1572 541 1604 ueridicis
568 1572 676 1613 igitur
701 1573 865 1615 purgauit
891 1579 1035 1615 pectora
1061 1573 1166 1604 dictis

371 1644 405 1670 et
430 1637 535 1670 finem
561 1638 682 1670 statuit
710 1638 922 1680 cuppedinis
948 1643 1054 1681 atque
1080 1638 1216 1670 timoris

372 1703 609 1745 exposuitque
635 1703 768 1734 bonum
795 1712 978 1741 summum,
1006 1713 1077 1745 quo
1104 1703 1282 1735 tendimus
1310 1713 1445 1739 omnes,

370 1767 457 1810 quid
484 1767 586 1806 soret,
614 1773 718 1811 atque
745 1767 841 1800 uiam
867 1768 1088 1804 monstrauit,
1117 1768 1254 1799 tramite
1283 1777 1394 1810 paruo

371 1842 441 1874 qua
465 1842 653 1875 possemus
681 1832 725 1863 ad
751 1832 787 1863 id
816 1836 911 1863 recto
939 1832 1154 1863 contendere
1181 1841 1282 1870 cuxsu
1314 1859 1320 1865 .
1370 1857 1378 1864 .
1398 1830 1424 1864 ‚²

203 1897 248 1929 cf.
273 1897 446 1929 Horatius
471 1897 576 1939 epist.
602 1904 616 1929 1
645 1897 679 1935 2,
707 1896 752 1929 54

144 2101 178 2127 25

320 2218 343 2252 8

202 2288 278 2310 sum
332 2277 338 2320 Ι

351 1960 548 1993 ‘sincerum
575 1966 628 1993 est
653 1961 722 1993 nisi
750 1972 823 1999 uaS,
851 1960 948 2003 quod
976 1971 1125 2004 cumque
1153 1961 1311 1994 infundis
1339 1962 1481 1994 acescit.

371 2036 498 2068 sperne
525 2026 745 2069 uoluptates:
773 2030 878 2058 nocet
905 2031 1020 2068 empta
1048 2025 1175 2057 dolore
1201 2025 1382 2070 uoluptas.

372 2100 512 2134 semper
538 2101 664 2122 auarus
693 2095 791 2131 eget:
820 2095 952 2122 certum
979 2094 1066 2122 uoto
1092 2095 1174 2133 pete
1203 2089 1309 2122 finem
1320 2090 1338 2123 '.

371 2220 499 2250 timore
523 2217 757 2260 Bernaysius:
800 2218 976 2261 querellis
1003 2217 1087 2249 libri
1120 2227 1161 2249 ex
1186 2217 1349 2260 proximo
1376 2227 1481 2249 uersu
1509 2217 1617 2249 intru-

396 2277 439 2310 10
468 2276 739 2309 similitudinem
767 2276 861 2308 uasis
890 2280 1007 2308 statuo
1035 2276 1078 2308 ab
1105 2276 1184 2319 ipso
1211 2275 1369 2318 Epicuro
1400 2280 1617 2319 usurpatam,

201 2336 352 2368 sortasse
380 2346 423 2368 ex
447 2336 562 2368 Bione
588 2335 779 2367 sublatam:
814 2335 913 2366 cuins
941 2335 1043 2377 quasi
1069 2335 1323 2367 commentario
1350 2334 1401 2366 uti
1428 2334 1513 2366 licet
1538 2344 1616 2366 uer-

200 2395 257 2427 bis
275 2395 423 2427 Arriani
439 2394 618 2437 Epictetei
638 2405 658 2426 a
675 2393 798 2427 Gellio
818 2400 903 2426 XV11
924 2394 979 2431 19,
994 2393 1014 2427 3
1035 2394 1183 2425 seruatis
1210 2394 1399 2436 ἄνθρωπε,
1427 2395 1502 2426 ποῦ
1530 2392 1615 2435 βάλ-

199 2455 292 2495 λεις;
334 2453 482 2496 σκέψαι,
516 2453 549 2488 εἰ
582 2453 810 2496 κεκάθαρται
843 2452 888 2486 τὸ
922 2452 1084 2494 ἀγγεῖον.
1139 2453 1184 2486 ἂν
1210 2452 1282 2496 γὰρ
1315 2451 1367 2493 εἰς
1391 2452 1461 2494 τὴν
1491 2452 1614 2496 οἴησιν

200 2512 296 2547 αὐτὰ
323 2512 437 2557 βάλῃς
456 2511 608 2557 [βάλλῃς
627 2511 765 2557 uolgo]‚
793 2512 986 2546 ἀπώλετο·
1014 2512 1060 2554 ἢν
1089 2514 1203 2554 σαπῇ,
1231 2512 1347 2555 οὖρον
1374 2512 1396 2554 ἢ
1424 2513 1508 2552 ὄξος
1534 2511 1613 2553 ἐγέ-

199 2583 287 2607 νετο
316 2571 480 2617 [γένοιτο
507 2571 634 2616 uolgo]
666 2573 689 2613 ἢ
722 2571 754 2606 εἴ
784 2583 819 2605 τι
851 2572 1002 2605 τούτων
1035 2574 1170 2614 χεῖρον.
1212 2571 1256 2604 cf.
1283 2572 1375 2603 insta
1401 2582 1433 2613 p.
1453 2570 1536 2611 285,
1555 2571 1578 2603 4
1612 2570 1616 2615 1

202 2633 244 2665 13
264 2643 316 2674 sq.
344 2633 387 2665 cf.
406 2633 511 2665 Lucr.
530 2639 573 2664 111
596 2632 685 2665 1008
701 2642 753 2674 sq.
778 2631 848 2665 936
864 2642 916 2674 sq.
955 2632 960 2673 1
1002 2631 1044 2664 15
1065 2642 1117 2673 sq.
1147 2631 1191 2664 cf.
1209 2631 1341 2662 Horati
1364 2641 1486 2662 uersus
1506 2640 1610 2672 supra

200 2691 367 2734 adscripti
398 2691 553 2732 itemque
580 2691 755 2722 Arrianus
788 2690 832 2721 ad
862 2701 895 2722 u.
918 2691 962 2722 10
1008 2691 1013 2730 1
1059 2689 1106 2721 20
1139 2699 1211 2721 non
1242 2694 1336 2721 recte
1365 2689 1614 2732 interpretatur

199 2749 447 2781 Lachmannus
474 2760 507 2791 p.
523 2749 605 2786 350,
633 2754 669 2780 tu
697 2749 740 2781 cf.
771 2754 859 2781 sent.
887 2756 967 2781 XXI.
996 2757 1052 2781 xv
1080 2755 1113 2780 et
1140 2749 1180 2781 fr.
1201 2749 1269 2781 417
1296 2759 1330 2791 p.
1350 2747 1430 2785 281,
1448 2747 1494 2781 23
1511 2758 1562 2790 sq.
