1842 3250
634 223 836 256 EPICVRI
864 224 1048 256 RTHICA
1484 224 1557 259 307

140 335 344 387 δέχεσθαι
371 337 449 387 μὲν
471 336 702 390 ἀθορύβως
732 338 785 379 τὰ
814 339 930 390 παρὰ
962 340 1039 389 τῆς
1069 338 1202 390 τύχης
1233 337 1387 389 ἀγαθά,
1419 353 1555 391 παρα-

139 407 341 459 τετάχθαι
380 409 427 450 δὲ
467 410 578 461 πρὸς
615 411 668 451 τὰ
706 415 806 462 παρ’
847 410 982 463 αὐτῆς
1022 414 1238 454 δοκοῦντα
1281 410 1388 454 εἶναι
1425 413 1556 454 κακά·

141 481 209 523 καὶ
240 480 301 532 ὡς
334 481 556 533 ἐφήμερον
589 484 664 532 μὲν
701 485 787 525 πᾶν
829 484 879 526 τὸ
918 486 1007 525 τῶν
1043 487 1221 527 πολλῶν
1264 483 1431 534 ἀγαθόν
1463 487 1557 527 ἐστι

140 553 210 595 καὶ
241 553 386 606 κακόν,
418 554 557 606 σοφία
588 556 636 597 δὲ
669 555 874 608 οὐδαμῶς
905 557 1011 611 τύχῃ
1044 559 1253 599 κοινωνεῖ.

100 637 116 663 ε,
141 624 389 661 PORPHYRIVS
415 629 460 660 ad
486 629 696 661 Marcellam
723 629 769 663 30
793 641 827 672 p.
848 629 929 668 209,
954 632 993 664 12
1023 631 1164 664 Nauck.

44 908 115 941 490

86 994 118 1017 10

87 1311 118 1337 15

47 1587 115 1620 491

86 1659 120 1686 20

86 1985 120 2011 25

142 691 186 723 cf.
206 691 332 724 Cicero
352 693 458 726 Tusc.
478 693 570 736 disp.
592 699 616 725 V
636 693 694 732 26,
713 694 758 727 73
782 694 836 736 (fr.
856 694 940 737 604)
967 694 1065 727 ‘huic
1085 706 1170 736 ergo
1197 721 1204 728 .
1225 720 1233 728 .
1253 721 1260 728 .
1287 695 1455 728 obliuisci
1476 695 1560 728 lice·

140 756 195 788 bit
224 756 279 788 sui
306 762 341 789 et
367 763 440 789 tum
468 757 645 790 fortunam
672 763 911 797 contemnere,
946 769 1025 792 cum
1053 760 1100 792 sit
1126 770 1230 792 omne
1260 764 1294 792 et
1321 760 1455 792 bonum
1484 759 1560 792 eius

142 823 176 850 et
200 819 332 851 malum
359 819 395 852 in
420 824 599 863 potestate
626 820 819 854 fortunae'.

256 899 280 942 ὁ
310 902 388 952 τῆς
419 898 572 953 αὔριον
601 901 755 951 ἥκιστα
787 901 998 954 δεόμενος
1029 902 1185 953 ἥδιστα
1216 903 1419 955 πρόσεισι
1450 906 1562 957 πρὸς

141 973 219 1023 τὴν
249 972 413 1026 αὔριον.

142 1044 395 1081 PLVTARGHVS
422 1047 466 1079 de
493 1052 630 1091 tranqu.
660 1047 767 1079 animi
799 1048 840 1081 16
868 1058 900 1091 p.
922 1048 1007 1082 4⁷4⁰
1034 1049 1079 1083 οὺ
1105 1049 1178 1092 γὰρ
1205 1050 1322 1091 μόνον
1350 1051 1370 1085 ὁ
1397 1053 1477 1093 τῆς
1504 1077 1511 1084 .
1528 1078 1535 1085 .
1553 1077 1561 1085 .

142 1111 380 1154 δεόμενος,
409 1112 460 1153 ὥς
485 1120 605 1155 φησιν
634 1111 861 1155 Ἐπίκουρος,
889 1114 1055 1156 ἥδιστα
1140 1141 1148 1148 .
1176 1115 1353 1157 αὔριον,
1381 1115 1474 1149 ἀλλὰ
1503 1116 1562 1149 καὶ

141 1177 308 1216 πλοῦτος
339 1175 533 1219 εὐφραίνει
569 1177 630 1210 καὶ
666 1177 755 1211 δόξα
792 1177 851 1211 καὶ
887 1177 1043 1218 δύναμις
1078 1179 1137 1211 καὶ
1174 1177 1269 1221 ἀρχὴ
1304 1179 1365 1212 καὶ
1402 1179 1561 1220 μάλιστα

140 1241 231 1281 τοὺς
256 1240 392 1283 ἥκιστα
417 1240 601 1276 τάναντία
625 1243 871 1284 ταρβοῦντας.

141 1304 185 1338 cs.
213 1305 386 1338 Horatius
413 1305 516 1349 epist.
544 1314 556 1338 1
581 1306 615 1345 4,
638 1307 679 1340 13

368 1370 527 1403 ‘omnem
556 1372 662 1404 crede
690 1372 783 1404 diem
811 1372 876 1404 tibi
904 1371 1080 1404 diluxisse
1108 1383 1329 1415 supremum:

384 1441 483 1478 grata
510 1437 740 1480 superueniet
767 1447 857 1479 quae
885 1447 956 1469 non
985 1437 1186 1480 sperabitur
1209 1437 1327 1471 hora’.

140 1505 154 1532 1
185 1499 239 1539 11,
257 1498 304 1532 22
320 1510 372 1543 sq.
412 1510 516 1534 carm.
547 1509 560 1533 1
586 1501 619 1543 9,
643 1501 684 1534 13
705 1511 755 1543 sq.

257 1583 384 1621 stulta
406 1585 491 1623 uita
511 1585 672 1634 ingrata
693 1591 758 1623 est
779 1592 821 1622 et
842 1586 1023 1633 trepida:
1048 1592 1135 1622 tota
1157 1586 1198 1622 in
1221 1585 1401 1622 futurum
1426 1585 1562 1623 fertur.

143 1651 291 1687 SENECA
319 1653 422 1697 epist.
453 1653 508 1691 15,
534 1653 576 1686 10
603 1654 702 1685 ‘ecce
729 1654 870 1695 insigne
898 1659 1142 1698 praeceptum:
1170 1656 1307 1687 stulta
1325 1680 1332 1688 .
1355 1679 1363 1687 .
1383 1680 1390 1688 .
1414 1655 1563 1689 fertur.

143 1717 233 1760 Quis
259 1718 340 1756 hoc,
367 1718 497 1762 inquis,
526 1718 634 1759 dicit?
663 1719 764 1751 Idem
794 1719 855 1761 qui
884 1718 1016 1762 supra'.

143 1784 186 1817 cs.
205 1783 379 1816 Horatius
404 1783 507 1827 epist.
527 1790 540 1816 1
564 1783 618 1822 18,
637 1784 704 1817 110
730 1783 737 1793 ‘
750 1793 819 1815 neu
837 1783 970 1815 fluitem
991 1783 1124 1815 dubiae
1144 1793 1207 1827 spe
1225 1784 1404 1826 pendulus
1426 1783 1535 1816 horae
1545 1783 1564 1818 ².

144 1856 247 1881 carm.
275 1855 300 1881 11
329 1847 386 1886 16,
405 1847 450 1882 25
486 1847 622 1880 ‘laetus
650 1848 687 1880 in
712 1858 882 1891 praesens
910 1848 1048 1881 animus
1075 1848 1173 1891 quod
1200 1848 1327 1880 ultrast

506 1912 625 1944 oderit
651 1922 771 1944 curare
800 1917 834 1944 et
861 1922 980 1944 amara
1006 1912 1105 1944 lento

505 1983 679 2021 temperet
705 1977 808 2011 risu’.
844 1997 865 2005 κ

142 2048 157 2074 1
187 2042 241 2081 11,
261 2042 284 2076 S
309 2041 432 2086 ‘carpe
457 2043 564 2080 diem,
592 2053 697 2086 quam
724 2042 906 2075 minimum
933 2042 1080 2074 credula
1104 2042 1281 2085 postero’.

269 2174 285 2207 1
315 2168 488 2215 δέχεσθαι
515 2199 522 2206 .
544 2199 550 2206 .
573 2200 579 2206 .
601 2199 608 2206 .
636 2173 657 2207 4
685 2176 859 2207 κοινωνεῖ
893 2172 1013 2216 prodit
1039 2173 1073 2204 in
1101 2172 1337 2214 gnomologio
1364 2173 1562 2216 Byzantino

143 2231 411 2265 Wachsmuthii
445 2234 591 2264 studien
625 2243 651 2263 z.
682 2233 713 2264 d.
743 2233 887 2274 gria-ch.
912 2233 1130 2275 florilegien
1156 2242 1189 2275 p.
1211 2231 1278 2264 184
1305 2242 1338 2265 n.
1362 2232 1425 2264 111
1456 2231 1565 2267 Μάθε

143 2289 318 2333 δέχεσθαι
336 2292 413 2325 κτλ.
438 2293 444 2331 1
467 2289 603 2334 ἀγαθά]
630 2291 819 2325 δοκοῦντα
847 2290 971 2332 ἀγαθά
999 2290 1157 2332 gnomol.
1181 2288 1186 2333 Ι
1209 2291 1490 2334 παρατετάχθαι
1511 2290 1563 2334 δὲ]

144 2348 189 2383 cf.
208 2349 250 2383 fr.
264 2349 335 2383 584
350 2348 633 2384 ἀντιτάξεσθαι;
661 2350 721 2384 καὶ
739 2349 956 2393 πεφράχθαι
975 2348 1133 2390 gnomol.
1167 2348 1173 2392 Ι
1208 2348 1230 2382 2
1257 2349 1447 2384 δοκοῦντα
1467 2351 1564 2384 εἶναι

144 2417 203 2440 om
229 2407 388 2450 gnomol.
427 2408 435 2450 ff
478 2409 500 2442 3
527 2409 588 2443 καὶ
705 2407 870 2452 πολλῶν]
897 2407 1090 2451 ἐφήμερον
1115 2407 1187 2451 γὰρ
1213 2410 1289 2442 πᾶν
1313 2408 1360 2442 τὸ
1387 2411 1564 2443 τοιοῦτον

143 2466 300 2508 gnomol.
335 2466 342 2510 1
377 2468 400 2500 4
425 2468 486 2502 καὶ
511 2468 630 2502 κακόν
655 2478 714 2500 om
740 2466 874 2511 Porph.
902 2467 908 2510 1
939 2466 992 2511 δὲ]
1020 2467 1062 2501 δὲ
1088 2468 1149 2500 καὶ
1176 2465 1364 2510 ἐπιστήμη
1392 2467 1526 2511 Porph.
1560 2466 1565 2512 Ι

143 2525 261 2569 τύχης
277 2525 410 2570 Porph.
438 2526 483 2560 cs.
501 2527 570 2571 Ep.
595 2537 650 2570 ep.
670 2533 713 2560 111
736 2526 802 2561 134
818 2537 870 2570 sq.
897 2532 986 2559 sent.
1007 2533 1074 2559 xv1
1108 2526 1123 2568 u
1157 2525 1179 2559 9
1206 2526 1342 2568 ἥκιστα
1361 2544 1407 2550 --
1426 2526 1564 2568 ἥδιστα

143 2585 273 2617 eodem
303 2585 496 2618 uerborum
529 2585 690 2619 acumine
724 2585 834 2618 utitur
864 2585 931 2629 Ep.
959 2595 992 2628 p.
1012 2585 1070 2623 63,
1091 2586 1134 2619 19
1176 2583 1194 2630 ΙΙ
1239 2585 1281 2618 19
1308 2584 1352 2618 cf.
1379 2586 1563 2618 Lucretius

143 2650 186 2677 ux
203 2643 275 2678 957
290 2654 343 2687 sq.
366 2644 373 2687 1
394 2649 452 2677 est
473 2650 510 2678 et
531 2656 572 2689 p:
600 2650 656 2678 est
671 2645 710 2677 M
733 2645 843 2677 ceteri
877 2644 884 2689 Ι
919 2644 962 2678 21
988 2645 1055 2677 lzoc
1073 2644 1172 2688 Mp22
1201 2655 1258 2677 orn
1285 2646 1393 2686 ceteri
1416 2647 1421 2687 Ι
1445 2644 1566 2689 supra]

141 2710 222 2734 eum
246 2701 284 2734 in
309 2701 376 2734 hac
400 2700 557 2747 epistula
583 2701 705 2736 nullus
733 2702 899 2735 afferatur
927 2708 1061 2741 auctor,
1087 2702 1313 2735 referendum
1331 2701 1400 2735 hoc
1419 2698 1463 2736 ad
1481 2703 1566 2747 Epi-

142 2769 263 2793 curum
289 2760 326 2793 in
353 2760 598 2803 superioribus
625 2760 790 2804 epistulis
817 2760 1019 2793 adhibitum

1474 2819 1553 2851 20*
