1846 3288
539 196 607 228 DE
635 196 845 229 LAERTII
872 194 1172 229 SCRIPTIONE
1423 194 1560 227 XXIII

140 327 213 365 pro
249 314 422 352 utilitate
464 319 711 362 augerentur
746 314 1080 352 deminuerentur
1124 317 1392 362 mutarentur,
1435 311 1559 349 etiam

141 382 214 421 sub
243 393 355 419 nouo
375 381 492 419 titulo
512 387 558 418 ut
579 392 713 418 nouos
742 381 889 418 iterum
911 382 1138 428 iterumque
1160 379 1228 416 edi
1255 379 1399 416 solitos
1421 390 1516 416 esse
1530 375 1558 417 1.

139 462 275 500 neque
307 449 474 486 defuere
507 448 638 485 inanis
669 448 866 497 gloriolae
899 453 1134 498 captatores
1175 446 1243 496 qui
1275 446 1411 490 libros,
1452 456 1556 495 quos

140 518 290 555 eodem
318 517 404 553 iure
435 522 476 553 et
506 515 655 553 nullius
686 523 727 552 et
757 517 938 553 omnium
967 527 1060 553 esse
1088 514 1254 565 dixeris,
1290 514 1398 551 sacili
1428 524 1557 563 opera

139 597 213 635 pro
253 585 335 622 suis
368 583 554 622 ederent.
601 583 790 621 nouimus
829 583 977 621 Galeni
1008 582 1248 620 Tertulliani
1290 580 1462 618 aliorum
1502 582 1556 618 de

140 652 334 702 surreptis
366 657 407 690 et
434 650 652 701 publicatis
675 651 977 688 commentariis
1000 651 1293 704 querimonias:
1326 649 1396 698 qui
1416 649 1449 686 si
1471 649 1557 686 sine

140 720 346 770 scriptoris
377 719 469 756 lima
501 724 592 756 utut
619 724 738 755 erant
770 718 959 755 officinae
993 718 1245 756 librariorum
1279 717 1557 761 tradebantur,

139 787 239 838 quid
269 787 478 824 existimas
507 786 592 823 fieri
623 783 833 834 potuisse?
864 786 1002 823 euenit
1024 786 1138 834 quod
1157 784 1436 823 necessarium
1457 789 1557 832 erat,

141 862 185 893 ut
213 867 264 893 eo
291 853 399 892 ordis
414 865 436 890 e
459 854 527 903 qui
552 853 721 891 ⁸³brariis
742 854 922 903 placeret
945 854 1155 903 adscripta
1176 852 1346 902 margini
1377 852 1419 888 in
1444 862 1559 888 com-

141 921 384 960 mentarium
414 921 668 970 inferrentur,
707 921 940 959 necessaria
978 927 1023 957 et
1060 920 1174 958 utilia
1212 931 1302 957 cum
1338 919 1480 957 alienis
1518 924 1559 956 et

140 989 282 1028 otiosis
327 989 605 1033 miscerentur,
652 989 796 1026 turbae
834 988 1137 1038 inexplicabiles
1177 992 1455 1025 nascerentur.
1516 986 1558 1023 id

140 1058 254 1108 quod
298 1069 390 1095 cum
425 1056 584 1106 pridem
631 1055 728 1093 mihi
773 1056 811 1092 in
851 1055 1054 1105 excerptis
1096 1056 1150 1093 de
1182 1054 1299 1092 Verri
1330 1053 1466 1092 Flacci
1502 1054 1557 1091 ad

142 1125 293 1162 Gaium
330 1129 374 1162 et
410 1124 582 1162 Lucium
625 1124 828 1178 Caesares
866 1122 1159 1172 orthographia
1198 1123 1328 1172 primo
1360 1121 1559 1160 Victorini

140 1194 194 1230 <le
224 1206 268 1230 re
296 1192 465 1230 metrica
495 1192 632 1229 libello
653 1191 815 1229 insertis
833 1189 850 1214 2
880 1197 922 1228 et
951 1191 991 1228 in
1023 1190 1223 1240 capitibus
1244 1202 1268 1227 a
1285 1190 1446 1228 Galeno
1467 1200 1554 1239 per-

140 1266 288 1298 sonato
318 1264 360 1297 in
390 1259 522 1296 fronte
554 1259 763 1308 epitomae
782 1258 1051 1296 Plutarcheae
1082 1257 1305 1295 conlocatis
1337 1258 1558 1295 obseruare

140 1328 251 1366 uisus
281 1340 426 1372 essem,
457 1339 553 1365 mox
582 1327 623 1364 in
653 1326 819 1364 Laertio
851 1325 1042 1375 Diogene
1073 1324 1304 1363 certissimis
1337 1313 1464 1374 signis
1496 1323 1555 1361 in—

139 1395 350 1434 tellectum
379 1401 451 1433 est.
507 1407 612 1445 quae
654 1406 706 1431 ne
744 1394 782 1431 in
814 1394 956 1432 ultima
987 1398 1147 1431 tantum
1180 1392 1314 1442 operis
1348 1397 1466 1442 parte
1498 1391 1558 1428 in-

140 1462 269 1501 ueniri
300 1463 459 1511 credas,
490 1476 573 1501 uno
605 1463 751 1501 saltem
773 1462 958 1511 exemplo
991 1461 1156 1499 aliunde
1188 1466 1351 1510 sumpto
1382 1460 1556 1498 canobo.

253 1531 300 1569 ln
323 1531 409 1569 uita
432 1530 614 1568 Platonis
637 1530 751 1567 locus
771 1535 833 1567 est
854 1537 909 1569 111
932 1531 955 1568 5
979 1541 1053 1579 sq.,
1077 1529 1192 1566 cuius
1212 1528 1392 1565 salebras
1416 1526 1558 1564 Groen

141 1611 220 1636 van
242 1597 470 1636 Prinsterer
498 1609 741 1647 prosopogr.
759 1597 859 1635 Plat.
891 1609 930 1646 p.
955 1598 1033 1635 225
1067 1602 1108 1633 et
1130 1595 1317 1645 Theoph.
1343 1595 1558 1644 Roeperus

139 1665 282 1704 Philol.
309 1673 327 1705 Ι
357 1678 396 1715 p.
421 1666 502 1704 654
524 1678 582 1715 sq.
614 1677 708 1702 cum
740 1665 975 1708 sensissent,
1009 1664 1275 1701 emendando
1306 1663 1446 1700 tollere
1476 1661 1552 1699 fru-

138 1739 222 1772 stra
250 1733 507 1772 studuerunt.
552 1745 634 1782 quo
665 1732 856 1782 exemplo
890 1732 1042 1781 optime
1076 1731 1291 1779 intellegas
1323 1730 1558 1768 cauendum

259 1922 279 1956 1
304 1922 392 1954 haec
419 1921 537 1954 omnia
562 1921 721 1954 Galenus
750 1921 854 1953 etiam
892 1920 997 1952 uiuus
1023 1924 1185 1963 expertus
1214 1925 1278 1962 est,
1311 1919 1354 1953 cs.
1382 1919 1427 1951 de
1456 1918 1559 1951 libris

138 1981 213 2014 suis
243 1992 402 2025 prooem.
428 1985 453 2015 t.
480 1991 551 2015 xlx
576 1992 610 2024 p.
636 1979 658 2015 9
686 1981 735 2014 K.
775 1979 990 2020 πολυειδῶς
1025 1977 1268 2021 ἐλωβήσαντο
1307 1978 1440 2012 πολλοὶ
1478 1981 1560 2019 τοῖς

138 2040 243 2084 ἐμοῖς
268 2039 429 2083 βιβλίοις,
458 2040 563 2074 ἄλλοι
590 2040 671 2074 κατ’
699 2040 793 2074 ἄλλα
818 2040 898 2073 τῶν
917 2038 1041 2072 ἐθνῶν
1067 2037 1474 2079 ἀναγινώσκοντες
1501 2036 1560 2079 ὡς

136 2099 232 2134 ἴδια
257 2099 352 2142 μετὰ
376 2102 445 2134 τοῦ
471 2099 525 2134 τὰ
552 2099 631 2142 μὲν
657 2098 901 2142 ἀφαιρεῖν,
927 2096 983 2132 τὰ
1008 2097 1054 2132 δὲ
1079 2096 1394 2141 προστιθέναι,
1424 2095 1480 2131 τὰ
1511 2096 1559 2130 δὲ

137 2158 459 2194 ὑπαλλάττειν.
498 2159 597 2202 quod
625 2159 687 2202 qui
716 2158 787 2191 fieri
812 2157 967 2201 potuerit
991 2157 1070 2200 ipse
1097 2157 1145 2190 ib.
1173 2168 1208 2200 p.
1230 2156 1274 2190 310
1301 2160 1449 2190 enarrat.

258 2218 280 2253 2
304 2219 342 2251 in
356 2219 462 2252 Marii
476 2219 652 2252 Victorini
679 2219 793 2261 capite
823 2225 836 2251 1
853 2216 876 2251 4
901 2217 1010 2250 uideo
1036 2216 1142 2249 multa
1167 2216 1298 2260 quibus
1329 2216 1417 2249 ordo
1443 2226 1560 2248 rerum

138 2277 308 2321 turbatur,
335 2288 377 2310 ex
395 2277 596 2310 remissiore
622 2287 752 2319 genere
780 2275 959 2309 scribendi
986 2276 1069 2308 satis
1098 2275 1276 2318 explicari,
1303 2286 1374 2319 quo
1393 2274 1442 2308 ita
1458 2285 1560 2308 usum

139 2347 217 2369 esse
229 2335 396 2370 Verrium
423 2341 569 2380 apparet
594 2342 767 2380 tamquam
795 2346 872 2369 cum
887 2335 1096 2368 Caesaribus
1123 2333 1344 2367 familiariter
1371 2334 1561 2377 conloque-

105 2390 119 2394 ”
137 2399 244 2435 retur,
269 2395 397 2434 aliena,
424 2400 531 2438 prout
549 2406 606 2428 res
633 2396 750 2435 ferret,
777 2394 1051 2427 admiscentem:
1077 2393 1174 2426 uelut
1200 2397 1387 2436 praecepta
1413 2393 1455 2426 de
1468 2394 1560 2426 VIY

138 2453 321 2487 uocalibus
347 2453 478 2497 quibus
503 2455 604 2487 locus
631 2455 726 2487 deN
750 2454 870 2486 littera
894 2453 1155 2495 interrumpitur
1180 2451 1225 2485 72
1249 2452 1313 2484 GL
1326 2459 1371 2484 vx
1390 2463 1424 2494 p.
1441 2451 1497 2491 19,
1513 2450 1560 2486 22

137 2513 197 2546 uel
210 2513 476 2546 obseruationes
490 2514 533 2547 de
546 2514 758 2557 pertermine
771 2512 819 2547 42
831 2523 866 2556 p.
882 2511 938 2556 14,
951 2511 994 2546 21
1012 2516 1047 2544 et
1061 2511 1105 2545 de
1119 2510 1308 2554 priuilegio
1322 2510 1368 2545 83
1381 2522 1415 2554 p.
1427 2510 1484 2551 21,
1502 2510 1557 2545 18.

138 2572 220 2605 talia
254 2572 357 2615 igitur
383 2573 596 2616 excerptoris
625 2573 727 2616 culpa
752 2578 807 2604 est
832 2572 930 2615 quod
964 2581 1057 2604 nunc
1089 2581 1178 2603 nexu
1206 2570 1323 2603 soluta
1349 2574 1440 2604 sunt.
1493 2569 1557 2603 sed

139 2637 220 2664 sunt
249 2631 353 2664 etiam
386 2642 475 2675 quae
511 2632 577 2664 nisi
609 2631 770 2674 primitus
803 2630 953 2672 margini
979 2629 1155 2673 adscripta
1180 2629 1291 2661 fuisse
1319 2639 1446 2672 sumas,
1485 2639 1558 2662 non

137 2689 342 2732 intellegas:
368 2690 459 2723 uide.
478 2701 569 2734 quae
596 2691 640 2723 de
667 2692 779 2723 ellum
804 2700 892 2722 uoce
920 2689 1138 2722 comicorum
1165 2689 1255 2721 inter
1281 2688 1475 2721 litterarum
1504 2687 1556 2720 hi-

140 2749 282 2782 storiam
311 2749 483 2782 docentur
508 2749 553 2783 9ss
578 2760 612 2792 p.
629 2749 687 2789 23,
705 2748 761 2783 17.
