<?xml version="1.0" encoding="UTF-8"?>
<!DOCTYPE html PUBLIC "-//W3C//DTD XHTML 1.0 Transitional//EN"
    "http://www.w3.org/TR/xhtml1/DTD/xhtml1-transitional.dtd">
<html xmlns="http://www.w3.org/1999/xhtml" xml:lang="en" lang="en">
 <head>
  <title>
</title>
<meta http-equiv="Content-Type" content="text/html;charset=utf-8" />
  <meta name='ocr-system' content='tesseract 3.04.00' />
  <meta name='ocr-capabilities' content='ocr_page ocr_carea ocr_par ocr_line ocrx_word'/>
</head>
<body>
  <div class='ocr_page' id='page_1' title='image "./epicvreaedidithe00epicuoft/epicvreaedidithe00epicuoft_0375.png"; bbox 0 0 1842 3250; ppageno 0'>
   <div class='ocr_carea' id='block_1_1' title="bbox 60 838 130 872">
    <p class='ocr_par' dir='ltr' id='par_1_1' title="bbox 60 838 130 872">
     <span class='ocr_line' id='line_1_1' title="bbox 60 838 130 872; baseline 0.014 -1"><span class='ocrx_word' id='word_1_1' title='bbox 60 838 130 872; x_wconf 82' lang='lat'>445</span> 
     </span>
    </p>
   </div>
   <div class='ocr_carea' id='block_1_2' title="bbox 101 921 134 945">
    <p class='ocr_par' dir='ltr' id='par_1_2' title="bbox 101 921 134 945">
     <span class='ocr_line' id='line_1_2' title="bbox 101 921 134 945; baseline 0.03 -1"><span class='ocrx_word' id='word_1_2' title='bbox 101 921 134 945; x_wconf 82' lang='lat'>10</span> 
     </span>
    </p>
   </div>
   <div class='ocr_carea' id='block_1_3' title="bbox 62 1247 133 1282">
    <p class='ocr_par' dir='ltr' id='par_1_3' title="bbox 62 1247 133 1282">
     <span class='ocr_line' id='line_1_3' title="bbox 62 1247 133 1282; baseline -0.014 0"><span class='ocrx_word' id='word_1_3' title='bbox 62 1247 133 1282; x_wconf 79' lang='lat'>446</span> 
     </span>
    </p>
   </div>
   <div class='ocr_carea' id='block_1_4' title="bbox 102 1322 135 1347">
    <p class='ocr_par' dir='ltr' id='par_1_4' title="bbox 102 1322 135 1347">
     <span class='ocr_line' id='line_1_4' title="bbox 102 1322 135 1347; baseline 0 0"><span class='ocrx_word' id='word_1_4' title='bbox 102 1322 135 1347; x_wconf 77' lang='lat'>16</span> 
     </span>
    </p>
   </div>
   <div class='ocr_carea' id='block_1_5' title="bbox 101 1902 135 1929">
    <p class='ocr_par' dir='ltr' id='par_1_5' title="bbox 101 1902 135 1929">
     <span class='ocr_line' id='line_1_5' title="bbox 101 1902 135 1929; baseline 0.029 -1"><span class='ocrx_word' id='word_1_5' title='bbox 101 1902 135 1929; x_wconf 77' lang='lat'>⁴25</span> 
     </span>
    </p>
   </div>
   <div class='ocr_carea' id='block_1_6' title="bbox 103 2225 138 2252">
    <p class='ocr_par' dir='ltr' id='par_1_6' title="bbox 103 2225 138 2252">
     <span class='ocr_line' id='line_1_6' title="bbox 103 2225 138 2252; baseline -0.029 0"><span class='ocrx_word' id='word_1_6' title='bbox 103 2225 138 2252; x_wconf 83' lang='lat'>30</span> 
     </span>
    </p>
   </div>
   <div class='ocr_carea' id='block_1_7' title="bbox 647 182 1568 217">
    <p class='ocr_par' dir='ltr' id='par_1_7' title="bbox 647 182 1568 217">
     <span class='ocr_line' id='line_1_7' title="bbox 647 182 1568 217; baseline -0.001 0"><span class='ocrx_word' id='word_1_7' title='bbox 647 185 856 217; x_wconf 70' lang='lat' dir='ltr'><strong>EPICVRI</strong></span> <span class='ocrx_word' id='word_1_8' title='bbox 881 184 1069 217; x_wconf 78' lang='lat' dir='ltr'>ETHICA</span> <span class='ocrx_word' id='word_1_9' title='bbox 1499 182 1568 216; x_wconf 81' lang='lat'>291</span> 
     </span>
    </p>
   </div>
   <div class='ocr_carea' id='block_1_8' title="bbox 153 297 1573 795">
    <p class='ocr_par' dir='ltr' id='par_1_8' title="bbox 153 297 1573 795">
     <span class='ocr_line' id='line_1_8' title="bbox 155 297 1571 342; baseline -0.004 -8"><span class='ocrx_word' id='word_1_10' title='bbox 155 308 188 335; x_wconf 78' lang='lat' dir='ltr'>et</span> <span class='ocrx_word' id='word_1_11' title='bbox 206 301 436 334; x_wconf 78' lang='lat' dir='ltr'>reuocatione</span> <span class='ocrx_word' id='word_1_12' title='bbox 460 301 506 333; x_wconf 85' lang='lat' dir='ltr'>ad</span> <span class='ocrx_word' id='word_1_13' title='bbox 532 299 827 342; x_wconf 82' lang='lat' dir='ltr'>contemplandas</span> <span class='ocrx_word' id='word_1_14' title='bbox 854 299 1074 342; x_wconf 84' lang='lat' dir='ltr'>uoluptates:</span> <span class='ocrx_word' id='word_1_15' title='bbox 1101 308 1228 342; x_wconf 87' lang='lat' dir='ltr'>parere</span> <span class='ocrx_word' id='word_1_16' title='bbox 1247 298 1341 331; x_wconf 81' lang='lat' dir='ltr'>enim</span> <span class='ocrx_word' id='word_1_17' title='bbox 1360 302 1481 330; x_wconf 80' lang='lat' dir='ltr'>censet</span> <span class='ocrx_word' id='word_1_18' title='bbox 1499 297 1571 329; x_wconf 85' lang='lat' dir='ltr'>ani-</span> 
     </span>
     <span class='ocr_line' id='line_1_9' title="bbox 153 362 1570 409; baseline -0.004 -10"><span class='ocrx_word' id='word_1_19' title='bbox 153 377 247 399; x_wconf 88' lang='lat' dir='ltr'>mum</span> <span class='ocrx_word' id='word_1_20' title='bbox 273 366 403 398; x_wconf 88' lang='lat' dir='ltr'>rationi</span> <span class='ocrx_word' id='word_1_21' title='bbox 429 376 536 409; x_wconf 81' lang='lat' dir='ltr'>posse</span> <span class='ocrx_word' id='word_1_22' title='bbox 564 369 598 397; x_wconf 86' lang='lat' dir='ltr'>et</span> <span class='ocrx_word' id='word_1_23' title='bbox 624 375 694 407; x_wconf 88' lang='lat' dir='ltr'>quo</span> <span class='ocrx_word' id='word_1_24' title='bbox 721 364 786 396; x_wconf 84' lang='lat' dir='ltr'>illa</span> <span class='ocrx_word' id='word_1_25' title='bbox 810 365 914 397; x_wconf 84' lang='lat' dir='ltr'>ducat</span> <span class='ocrx_word' id='word_1_26' title='bbox 940 364 1054 405; x_wconf 82' lang='lat' dir='ltr'>sequi.</span> <span class='ocrx_word' id='word_1_27' title='bbox 1081 368 1178 395; x_wconf 89' lang='lat' dir='ltr'>uetat</span> <span class='ocrx_word' id='word_1_28' title='bbox 1200 363 1308 404; x_wconf 77' lang='lat' dir='ltr'>igitur</span> <span class='ocrx_word' id='word_1_29' title='bbox 1332 362 1422 395; x_wconf 86' lang='lat' dir='ltr'>ratio</span> <span class='ocrx_word' id='word_1_30' title='bbox 1441 362 1570 394; x_wconf 86' lang='lat' dir='ltr'>intueri</span> 
     </span>
     <span class='ocr_line' id='line_1_10' title="bbox 153 425 1570 471; baseline -0.004 -7"><span class='ocrx_word' id='word_1_31' title='bbox 153 430 349 469; x_wconf 85' lang='lat' dir='ltr'><strong>molestias,</strong></span> <span class='ocrx_word' id='word_1_32' title='bbox 373 429 548 462; x_wconf 84' lang='lat' dir='ltr'>abstrahit</span> <span class='ocrx_word' id='word_1_33' title='bbox 566 429 610 462; x_wconf 84' lang='lat' dir='ltr'>ab</span> <span class='ocrx_word' id='word_1_34' title='bbox 631 428 768 461; x_wconf 83' lang='lat' dir='ltr'>acerbis</span> <span class='ocrx_word' id='word_1_35' title='bbox 788 427 1080 470; x_wconf 78' lang='lat' dir='ltr'>cogitationibus,</span> <span class='ocrx_word' id='word_1_36' title='bbox 1099 427 1264 459; x_wconf 86' lang='lat' dir='ltr'>hebetem</span> <span class='ocrx_word' id='word_1_37' title='bbox 1273 427 1379 471; x_wconf 78' lang='lat' dir='ltr'>facit</span> <span class='ocrx_word' id='word_1_38' title='bbox 1395 427 1505 458; x_wconf 84' lang='lat' dir='ltr'>aciem</span> <span class='ocrx_word' id='word_1_39' title='bbox 1527 425 1570 458; x_wconf 81' lang='lat' dir='ltr'>ad</span> 
     </span>
     <span class='ocr_line' id='line_1_11' title="bbox 154 491 1572 537; baseline -0.005 -9"><span class='ocrx_word' id='word_1_40' title='bbox 154 494 313 528; x_wconf 82' lang='lat' dir='ltr'>miserias</span> <span class='ocrx_word' id='word_1_41' title='bbox 339 493 644 537; x_wconf 79' lang='lat' dir='ltr'>contemplandas,</span> <span class='ocrx_word' id='word_1_42' title='bbox 672 504 690 526; x_wconf 83' lang='lat' dir='ltr'>a</span> <span class='ocrx_word' id='word_1_43' title='bbox 718 493 848 536; x_wconf 81' lang='lat' dir='ltr'>quibus</span> <span class='ocrx_word' id='word_1_44' title='bbox 874 503 950 525; x_wconf 89' lang='lat' dir='ltr'>cum</span> <span class='ocrx_word' id='word_1_45' title='bbox 977 492 1108 525; x_wconf 84' lang='lat' dir='ltr'>cecinit</span> <span class='ocrx_word' id='word_1_46' title='bbox 1133 492 1305 535; x_wconf 85' lang='lat' dir='ltr'>receptui,</span> <span class='ocrx_word' id='word_1_47' title='bbox 1330 491 1476 534; x_wconf 79' lang='lat' dir='ltr'>inpellit</span> <span class='ocrx_word' id='word_1_48' title='bbox 1500 502 1572 522; x_wconf 86' lang='lat' dir='ltr'>rur-</span> 
     </span>
     <span class='ocr_line' id='line_1_12' title="bbox 154 555 1572 601; baseline -0.004 -9"><span class='ocrx_word' id='word_1_49' title='bbox 154 570 231 592; x_wconf 88' lang='lat' dir='ltr'>sum</span> <span class='ocrx_word' id='word_1_50' title='bbox 258 563 292 592; x_wconf 87' lang='lat' dir='ltr'>et</span> <span class='ocrx_word' id='word_1_51' title='bbox 316 559 440 591; x_wconf 80' lang='lat' dir='ltr'>incitat</span> <span class='ocrx_word' id='word_1_52' title='bbox 467 559 511 590; x_wconf 86' lang='lat' dir='ltr'>ad</span> <span class='ocrx_word' id='word_1_53' title='bbox 539 557 811 601; x_wconf 79' lang='lat' dir='ltr'>conspiciendas</span> <span class='ocrx_word' id='word_1_54' title='bbox 840 562 985 600; x_wconf 81' lang='lat' dir='ltr'>totaque</span> <span class='ocrx_word' id='word_1_55' title='bbox 1015 561 1131 589; x_wconf 89' lang='lat' dir='ltr'>mente</span> <span class='ocrx_word' id='word_1_56' title='bbox 1159 555 1429 589; x_wconf 80' lang='lat' dir='ltr'>contrectandas</span> <span class='ocrx_word' id='word_1_57' title='bbox 1456 555 1572 587; x_wconf 80' lang='lat' dir='ltr'>uarias</span> 
     </span>
     <span class='ocr_line' id='line_1_13' title="bbox 154 619 1573 671; baseline -0.004 -15"><span class='ocrx_word' id='word_1_58' title='bbox 154 624 370 671; x_wconf 80' lang='lat' dir='ltr'>uoluptates,</span> <span class='ocrx_word' id='word_1_59' title='bbox 385 622 516 666; x_wconf 78' lang='lat' dir='ltr'>quibus</span> <span class='ocrx_word' id='word_1_60' title='bbox 535 623 599 654; x_wconf 90' lang='lat' dir='ltr'>ille</span> <span class='ocrx_word' id='word_1_61' title='bbox 619 627 652 654; x_wconf 87' lang='lat' dir='ltr'>et</span> <span class='ocrx_word' id='word_1_62' title='bbox 671 622 937 665; x_wconf 78' lang='lat' dir='ltr'>praeteritarum</span> <span class='ocrx_word' id='word_1_63' title='bbox 955 621 1125 653; x_wconf 83' lang='lat' dir='ltr'>memoria</span> <span class='ocrx_word' id='word_1_64' title='bbox 1144 626 1178 652; x_wconf 89' lang='lat' dir='ltr'>et</span> <span class='ocrx_word' id='word_1_65' title='bbox 1197 631 1259 663; x_wconf 90' lang='lat' dir='ltr'>spe</span> <span class='ocrx_word' id='word_1_66' title='bbox 1278 619 1573 662; x_wconf 76' lang='lat' dir='ltr'>consequentium</span> 
     </span>
     <span class='ocr_line' id='line_1_14' title="bbox 155 683 1573 731; baseline -0.003 -11"><span class='ocrx_word' id='word_1_67' title='bbox 155 688 325 731; x_wconf 87' lang='lat' dir='ltr'>sapientis</span> <span class='ocrx_word' id='word_1_68' title='bbox 354 688 463 720; x_wconf 83' lang='lat' dir='ltr'>uitam</span> <span class='ocrx_word' id='word_1_69' title='bbox 489 688 655 719; x_wconf 80' lang='lat' dir='ltr'>refertam</span> <span class='ocrx_word' id='word_1_70' title='bbox 674 692 782 730; x_wconf 83' lang='lat' dir='ltr'>putat.</span> <span class='ocrx_word' id='word_1_71' title='bbox 812 687 911 718; x_wconf 83' lang='lat' dir='ltr'>Haec</span> <span class='ocrx_word' id='word_1_72' title='bbox 937 692 1060 719; x_wconf 83' lang='lat' dir='ltr'>nostro</span> <span class='ocrx_word' id='word_1_73' title='bbox 1089 696 1186 718; x_wconf 87' lang='lat' dir='ltr'>more</span> <span class='ocrx_word' id='word_1_74' title='bbox 1211 695 1275 717; x_wconf 76' lang='lat' dir='ltr'>nos</span> <span class='ocrx_word' id='word_1_75' title='bbox 1305 683 1470 723; x_wconf 84' lang='lat' dir='ltr'>diximus,</span> <span class='ocrx_word' id='word_1_76' title='bbox 1490 684 1573 729; x_wconf 84' lang='lat' dir='ltr'>Epi-</span> 
     </span>
     <span class='ocr_line' id='line_1_15' title="bbox 155 747 1573 795; baseline -0.003 -9"><span class='ocrx_word' id='word_1_77' title='bbox 155 753 243 786; x_wconf 87' lang='lat' dir='ltr'>curii</span> <span class='ocrx_word' id='word_1_78' title='bbox 261 753 383 785; x_wconf 83' lang='lat' dir='ltr'>dicunt</span> <span class='ocrx_word' id='word_1_79' title='bbox 401 763 483 791; x_wconf 81' lang='lat' dir='ltr'>suo;</span> <span class='ocrx_word' id='word_1_80' title='bbox 511 752 575 784; x_wconf 89' lang='lat' dir='ltr'>sed</span> <span class='ocrx_word' id='word_1_81' title='bbox 594 762 683 795; x_wconf 82' lang='lat' dir='ltr'>quae</span> <span class='ocrx_word' id='word_1_82' title='bbox 704 752 824 783; x_wconf 83' lang='lat' dir='ltr'>dicant</span> <span class='ocrx_word' id='word_1_83' title='bbox 843 752 1046 783; x_wconf 81' lang='lat' dir='ltr'>uideamus:</span> <span class='ocrx_word' id='word_1_84' title='bbox 1074 761 1144 793; x_wconf 90' lang='lat' dir='ltr'>quo</span> <span class='ocrx_word' id='word_1_85' title='bbox 1163 750 1284 789; x_wconf 83' lang='lat' dir='ltr'>modo,</span> <span class='ocrx_word' id='word_1_86' title='bbox 1312 747 1573 791; x_wconf 81' lang='lat' dir='ltr'>neglegamus&#39;.</span> 
     </span>
    </p>
   </div>
   <div class='ocr_carea' id='block_1_9' title="bbox 155 829 1574 1083">
    <p class='ocr_par' dir='ltr' id='par_1_9' title="bbox 155 829 1574 1083">
     <span class='ocr_line' id='line_1_16' title="bbox 267 829 1573 885; baseline -0.005 -10"><span class='ocrx_word' id='word_1_87' title='bbox 267 835 374 885; x_wconf 80' lang='grc' dir='ltr'>μηδὲ</span> <span class='ocrx_word' id='word_1_88' title='bbox 407 832 640 884; x_wconf 84' lang='grc' dir='ltr'>αἰτιώμεθα</span> <span class='ocrx_word' id='word_1_89' title='bbox 677 833 754 882; x_wconf 83' lang='grc' dir='ltr'>τὴν</span> <span class='ocrx_word' id='word_1_90' title='bbox 793 831 936 883; x_wconf 85' lang='grc' dir='ltr'>σάρκα</span> <span class='ocrx_word' id='word_1_91' title='bbox 973 831 1034 882; x_wconf 83' lang='grc' dir='ltr'>ῶς</span> <span class='ocrx_word' id='word_1_92' title='bbox 1064 833 1153 873; x_wconf 82' lang='grc' dir='ltr'>τῶν</span> <span class='ocrx_word' id='word_1_93' title='bbox 1185 829 1386 882; x_wconf 79' lang='grc' dir='ltr'>μεγάλων</span> <span class='ocrx_word' id='word_1_94' title='bbox 1427 830 1573 870; x_wconf 84' lang='grc' dir='ltr'>κακῶν</span> 
     </span>
     <span class='ocr_line' id='line_1_17' title="bbox 156 901 1574 956; baseline -0.004 -9"><span class='ocrx_word' id='word_1_95' title='bbox 156 903 295 947; x_wconf 86' lang='grc' dir='ltr'>αἰτίαν</span> <span class='ocrx_word' id='word_1_96' title='bbox 335 903 432 956; x_wconf 78' lang='grc' dir='ltr'>μηδ’</span> <span class='ocrx_word' id='word_1_97' title='bbox 472 904 539 955; x_wconf 88' lang='grc' dir='ltr'>εἰς·</span> <span class='ocrx_word' id='word_1_98' title='bbox 574 905 628 945; x_wconf 89' lang='grc' dir='ltr'>τὰ</span> <span class='ocrx_word' id='word_1_99' title='bbox 665 904 896 955; x_wconf 83' lang='grc' dir='ltr'>πράγματα</span> <span class='ocrx_word' id='word_1_100' title='bbox 932 903 1158 954; x_wconf 84' lang='grc' dir='ltr'>τρέπωμεν</span> <span class='ocrx_word' id='word_1_101' title='bbox 1196 903 1275 952; x_wconf 83' lang='grc' dir='ltr'>τὰς</span> <span class='ocrx_word' id='word_1_102' title='bbox 1314 901 1574 953; x_wconf 78' lang='grc' dir='ltr'>δυσφορίας,</span> 
     </span>
     <span class='ocr_line' id='line_1_18' title="bbox 156 972 1574 1021; baseline -0.004 -9"><span class='ocrx_word' id='word_1_103' title='bbox 156 977 197 1012; x_wconf 85' lang='grc' dir='ltr'>ἐν</span> <span class='ocrx_word' id='word_1_104' title='bbox 224 977 266 1012; x_wconf 79' lang='grc' dir='ltr'>δὲ</span> <span class='ocrx_word' id='word_1_105' title='bbox 290 979 338 1021; x_wconf 78' lang='grc' dir='ltr'>τῇ</span> <span class='ocrx_word' id='word_1_106' title='bbox 365 979 469 1020; x_wconf 85' lang='grc' dir='ltr'>ψυχῇ</span> <span class='ocrx_word' id='word_1_107' title='bbox 503 976 571 1017; x_wconf 87' lang='grc' dir='ltr'>τὰς</span> <span class='ocrx_word' id='word_1_108' title='bbox 603 975 754 1010; x_wconf 82' lang='grc' dir='ltr'>τούτων</span> <span class='ocrx_word' id='word_1_109' title='bbox 787 974 909 1016; x_wconf 83' lang='grc' dir='ltr'>αἰτίας</span> <span class='ocrx_word' id='word_1_110' title='bbox 941 976 1083 1017; x_wconf 81' lang='grc' dir='ltr'>μᾶλλον</span> <span class='ocrx_word' id='word_1_111' title='bbox 1113 976 1287 1016; x_wconf 80' lang='grc' dir='ltr'>ζητῶμεν</span> <span class='ocrx_word' id='word_1_112' title='bbox 1319 974 1380 1008; x_wconf 78' lang='grc' dir='ltr'>καὶ</span> <span class='ocrx_word' id='word_1_113' title='bbox 1407 972 1574 1016; x_wconf 79' lang='grc' dir='ltr'>ἀπορρή-</span> 
     </span>
     <span class='ocr_line' id='line_1_19' title="bbox 155 1036 1574 1083; baseline -0.004 -6"><span class='ocrx_word' id='word_1_114' title='bbox 155 1042 285 1082; x_wconf 85' lang='grc' dir='ltr'>ξαντες</span> <span class='ocrx_word' id='word_1_115' title='bbox 315 1043 444 1075; x_wconf 80' lang='grc' dir='ltr'>πᾶσαν</span> <span class='ocrx_word' id='word_1_116' title='bbox 477 1039 638 1082; x_wconf 84' lang='grc' dir='ltr'>ματαίαν</span> <span class='ocrx_word' id='word_1_117' title='bbox 670 1042 749 1074; x_wconf 86' lang='grc' dir='ltr'>τῶν</span> <span class='ocrx_word' id='word_1_118' title='bbox 782 1039 986 1083; x_wconf 81' lang='grc' dir='ltr'>ἐφημέρων</span> <span class='ocrx_word' id='word_1_119' title='bbox 1013 1040 1133 1083; x_wconf 74' lang='grc' dir='ltr'>ὄρεξιν</span> <span class='ocrx_word' id='word_1_120' title='bbox 1161 1039 1222 1072; x_wconf 79' lang='grc' dir='ltr'>καὶ</span> <span class='ocrx_word' id='word_1_121' title='bbox 1247 1036 1380 1073; x_wconf 80' lang='grc' dir='ltr'>ἐλπίδα</span> <span class='ocrx_word' id='word_1_122' title='bbox 1406 1037 1487 1072; x_wconf 84' lang='grc' dir='ltr'>ὅλοι</span> <span class='ocrx_word' id='word_1_123' title='bbox 1514 1046 1574 1079; x_wconf 82' lang='grc' dir='ltr'>γε·</span> 
     </span>
    </p>
   </div>
   <div class='ocr_carea' id='block_1_10' title="bbox 154 1106 1169 1211">
    <p class='ocr_par' dir='ltr' id='par_1_10' title="bbox 154 1106 1169 1211">
     <span class='ocr_line' id='line_1_20' title="bbox 154 1106 495 1149; baseline -0.009 -8"><span class='ocrx_word' id='word_1_124' title='bbox 154 1107 308 1149; x_wconf 84' lang='grc' dir='ltr'>νώμεθα</span> <span class='ocrx_word' id='word_1_125' title='bbox 335 1106 495 1140; x_wconf 84' lang='grc' dir='ltr'>ἑαυτῶν.</span> 
     </span>
     <span class='ocr_line' id='line_1_21' title="bbox 157 1168 1169 1211; baseline -0.004 -7"><span class='ocrx_word' id='word_1_126' title='bbox 157 1170 404 1204; x_wconf 72' lang='lat' dir='ltr'>PORI’HYRIVS</span> <span class='ocrx_word' id='word_1_127' title='bbox 431 1170 475 1201; x_wconf 82' lang='lat' dir='ltr'>ad</span> <span class='ocrx_word' id='word_1_128' title='bbox 502 1169 711 1202; x_wconf 84' lang='lat' dir='ltr'>Marcellam</span> <span class='ocrx_word' id='word_1_129' title='bbox 738 1168 783 1202; x_wconf 75' lang='lat'>29</span> <span class='ocrx_word' id='word_1_130' title='bbox 809 1178 843 1211; x_wconf 92' lang='lat' dir='ltr'>p.</span> <span class='ocrx_word' id='word_1_131' title='bbox 862 1168 943 1206; x_wconf 78' lang='lat'>208,</span> <span class='ocrx_word' id='word_1_132' title='bbox 963 1168 1009 1202; x_wconf 81' lang='lat'>25</span> <span class='ocrx_word' id='word_1_133' title='bbox 1031 1168 1169 1201; x_wconf 77' lang='lat' dir='ltr'>Nauck.</span> 
     </span>
    </p>
   </div>
   <div class='ocr_carea' id='block_1_11' title="bbox 156 1249 1580 2520">
    <p class='ocr_par' dir='ltr' id='par_1_11' title="bbox 156 1249 1580 2012">
     <span class='ocr_line' id='line_1_22' title="bbox 279 1249 1574 1294; baseline -0.002 -10"><span class='ocrx_word' id='word_1_134' title='bbox 279 1250 420 1284; x_wconf 75' lang='lat' dir='ltr'>CICERO</span> <span class='ocrx_word' id='word_1_135' title='bbox 456 1252 561 1283; x_wconf 84' lang='lat' dir='ltr'>Tusc.</span> <span class='ocrx_word' id='word_1_136' title='bbox 590 1251 682 1294; x_wconf 86' lang='lat' dir='ltr'>disp.</span> <span class='ocrx_word' id='word_1_137' title='bbox 710 1258 735 1282; x_wconf 88' lang='lat'>11</span> <span class='ocrx_word' id='word_1_138' title='bbox 765 1250 819 1289; x_wconf 79' lang='lat'>19,</span> <span class='ocrx_word' id='word_1_139' title='bbox 847 1250 889 1283; x_wconf 73' lang='lat'>44</span> <span class='ocrx_word' id='word_1_140' title='bbox 935 1249 1054 1283; x_wconf 80' lang='lat' dir='ltr'>‘uenit</span> <span class='ocrx_word' id='word_1_141' title='bbox 1079 1250 1256 1292; x_wconf 81' lang='lat' dir='ltr'>Epicurus</span> <span class='ocrx_word' id='word_1_142' title='bbox 1289 1249 1397 1281; x_wconf 88' lang='lat' dir='ltr'>homo</span> <span class='ocrx_word' id='word_1_143' title='bbox 1430 1250 1574 1281; x_wconf 85' lang='lat' dir='ltr'>minime</span> 
     </span>
     <span class='ocr_line' id='line_1_23' title="bbox 158 1313 1575 1359; baseline -0.002 -10"><span class='ocrx_word' id='word_1_144' title='bbox 158 1317 272 1349; x_wconf 83' lang='lat' dir='ltr'>malus</span> <span class='ocrx_word' id='word_1_145' title='bbox 306 1317 363 1348; x_wconf 88' lang='lat' dir='ltr'>uel</span> <span class='ocrx_word' id='word_1_146' title='bbox 396 1317 515 1359; x_wconf 76' lang='lat' dir='ltr'>potius</span> <span class='ocrx_word' id='word_1_147' title='bbox 549 1316 603 1347; x_wconf 84' lang='lat' dir='ltr'>uir</span> <span class='ocrx_word' id='word_1_148' title='bbox 641 1316 813 1358; x_wconf 76' lang='lat' dir='ltr'>optimus:</span> <span class='ocrx_word' id='word_1_149' title='bbox 857 1320 990 1346; x_wconf 81' lang='lat' dir='ltr'>tantum</span> <span class='ocrx_word' id='word_1_150' title='bbox 1025 1320 1147 1346; x_wconf 89' lang='lat' dir='ltr'>monet</span> <span class='ocrx_word' id='word_1_151' title='bbox 1182 1319 1350 1356; x_wconf 83' lang='lat' dir='ltr'>quantum</span> <span class='ocrx_word' id='word_1_152' title='bbox 1385 1313 1575 1355; x_wconf 78' lang='lat' dir='ltr'>intellegit.</span> 
     </span>
     <span class='ocr_line' id='line_1_24' title="bbox 156 1378 1577 1423; baseline -0.002 -10"><span class='ocrx_word' id='word_1_153' title='bbox 156 1381 333 1422; x_wconf 83' lang='lat' dir='ltr'>Neglege‚</span> <span class='ocrx_word' id='word_1_154' title='bbox 359 1380 486 1423; x_wconf 82' lang='lat' dir='ltr'>inquit,</span> <span class='ocrx_word' id='word_1_155' title='bbox 514 1380 688 1413; x_wconf 86' lang='lat' dir='ltr'>dolorem.</span> <span class='ocrx_word' id='word_1_156' title='bbox 730 1379 808 1421; x_wconf 85' lang='lat' dir='ltr'>quis</span> <span class='ocrx_word' id='word_1_157' title='bbox 836 1378 905 1410; x_wconf 88' lang='lat' dir='ltr'>hoc</span> <span class='ocrx_word' id='word_1_158' title='bbox 933 1378 1043 1411; x_wconf 82' lang='lat' dir='ltr'>dicit?</span> <span class='ocrx_word' id='word_1_159' title='bbox 1079 1379 1174 1410; x_wconf 86' lang='lat' dir='ltr'>idem</span> <span class='ocrx_word' id='word_1_160' title='bbox 1203 1379 1264 1421; x_wconf 81' lang='lat' dir='ltr'>qui</span> <span class='ocrx_word' id='word_1_161' title='bbox 1293 1379 1455 1410; x_wconf 84' lang='lat' dir='ltr'>dolorem</span> <span class='ocrx_word' id='word_1_162' title='bbox 1484 1388 1577 1410; x_wconf 85' lang='lat' dir='ltr'>sum-</span> 
     </span>
     <span class='ocr_line' id='line_1_25' title="bbox 157 1442 1577 1478; baseline -0.002 -1"><span class='ocrx_word' id='word_1_163' title='bbox 157 1456 251 1478; x_wconf 87' lang='lat' dir='ltr'>mum</span> <span class='ocrx_word' id='word_1_164' title='bbox 268 1445 411 1478; x_wconf 81' lang='lat' dir='ltr'>malum.</span> <span class='ocrx_word' id='word_1_165' title='bbox 437 1445 496 1476; x_wconf 83' lang='lat' dir='ltr'>uix</span> <span class='ocrx_word' id='word_1_166' title='bbox 521 1446 606 1476; x_wconf 75' lang='lat' dir='ltr'>satis</span> <span class='ocrx_word' id='word_1_167' title='bbox 634 1449 849 1476; x_wconf 70' lang='lat' dir='ltr'>constanter.</span> <span class='ocrx_word' id='word_1_168' title='bbox 876 1444 1071 1477; x_wconf 76' lang='lat' dir='ltr'>audiamus.</span> <span class='ocrx_word' id='word_1_169' title='bbox 1099 1443 1162 1475; x_wconf 84' lang='lat' dir='ltr'>“Si</span> <span class='ocrx_word' id='word_1_170' title='bbox 1187 1453 1344 1475; x_wconf 85' lang='lat' dir='ltr'>summus</span> <span class='ocrx_word' id='word_1_171' title='bbox 1371 1443 1475 1475; x_wconf 86' lang='lat' dir='ltr'>dolor</span> <span class='ocrx_word' id='word_1_172' title='bbox 1495 1442 1577 1475; x_wconf 84' lang='lat' dir='ltr'>est&#39;&#39;</span> 
     </span>
     <span class='ocr_line' id='line_1_26' title="bbox 157 1506 1576 1554; baseline -0.003 -12"><span class='ocrx_word' id='word_1_173' title='bbox 157 1511 284 1554; x_wconf 84' lang='lat' dir='ltr'>inquit,</span> <span class='ocrx_word' id='word_1_174' title='bbox 311 1509 482 1542; x_wconf 86' lang='lat' dir='ltr'>“breuem</span> <span class='ocrx_word' id='word_1_175' title='bbox 509 1519 655 1542; x_wconf 80' lang='lat' dir='ltr'>necesse</span> <span class='ocrx_word' id='word_1_176' title='bbox 681 1514 733 1541; x_wconf 85' lang='lat' dir='ltr'>est</span> <span class='ocrx_word' id='word_1_177' title='bbox 754 1519 832 1541; x_wconf 85' lang='lat' dir='ltr'>esse</span> <span class='ocrx_word' id='word_1_178' title='bbox 838 1534 962 1542; x_wconf 82' lang='grc'><strong>.....</strong></span> <span class='ocrx_word' id='word_1_179' title='bbox 988 1519 1160 1540; x_wconf 81' lang='lat' dir='ltr'>summum</span> <span class='ocrx_word' id='word_1_180' title='bbox 1184 1506 1299 1551; x_wconf 84' lang='lat' dir='ltr'>(dico)</span> <span class='ocrx_word' id='word_1_181' title='bbox 1322 1518 1393 1551; x_wconf 89' lang='lat' dir='ltr'>quo</span> <span class='ocrx_word' id='word_1_182' title='bbox 1421 1507 1511 1539; x_wconf 85' lang='lat' dir='ltr'>nihil</span> <span class='ocrx_word' id='word_1_183' title='bbox 1531 1507 1576 1539; x_wconf 85' lang='lat' dir='ltr'>sit</span> 
     </span>
     <span class='ocr_line' id='line_1_27' title="bbox 157 1571 1575 1618; baseline -0.004 -11"><span class='ocrx_word' id='word_1_184' title='bbox 157 1575 332 1618; x_wconf 81' lang='lat' dir='ltr'>superius,</span> <span class='ocrx_word' id='word_1_185' title='bbox 358 1575 468 1607; x_wconf 86' lang='lat' dir='ltr'>breue</span> <span class='ocrx_word' id='word_1_186' title='bbox 495 1585 565 1617; x_wconf 88' lang='lat' dir='ltr'>quo</span> <span class='ocrx_word' id='word_1_187' title='bbox 593 1574 683 1606; x_wconf 84' lang='lat' dir='ltr'>nihil</span> <span class='ocrx_word' id='word_1_188' title='bbox 710 1574 866 1606; x_wconf 85' lang='lat' dir='ltr'>breuius.</span> <span class='ocrx_word' id='word_1_189' title='bbox 905 1578 1092 1605; x_wconf 84' lang='lat' dir='ltr'>contemno</span> <span class='ocrx_word' id='word_1_190' title='bbox 1119 1573 1399 1613; x_wconf 79' lang='lat' dir='ltr'>magnitudinem</span> <span class='ocrx_word' id='word_1_191' title='bbox 1427 1571 1575 1608; x_wconf 80' lang='lat' dir='ltr'>doloris,</span> 
     </span>
     <span class='ocr_line' id='line_1_28' title="bbox 159 1636 1575 1682; baseline -0.002 -10"><span class='ocrx_word' id='word_1_192' title='bbox 159 1651 179 1672; x_wconf 84' lang='lat' dir='ltr'>a</span> <span class='ocrx_word' id='word_1_193' title='bbox 197 1648 266 1682; x_wconf 91' lang='lat' dir='ltr'>qua</span> <span class='ocrx_word' id='word_1_194' title='bbox 282 1648 338 1670; x_wconf 89' lang='lat' dir='ltr'>me</span> <span class='ocrx_word' id='word_1_195' title='bbox 357 1637 512 1669; x_wconf 82' lang='lat' dir='ltr'>breuitas</span> <span class='ocrx_word' id='word_1_196' title='bbox 538 1637 707 1680; x_wconf 78' lang='lat' dir='ltr'>temporis</span> <span class='ocrx_word' id='word_1_197' title='bbox 734 1636 932 1668; x_wconf 82' lang='lat' dir='ltr'>uindicabit</span> <span class='ocrx_word' id='word_1_198' title='bbox 959 1642 1038 1668; x_wconf 83' lang='lat' dir='ltr'>ante</span> <span class='ocrx_word' id='word_1_199' title='bbox 1065 1645 1179 1679; x_wconf 86' lang='lat' dir='ltr'>paene</span> <span class='ocrx_word' id='word_1_200' title='bbox 1206 1646 1310 1678; x_wconf 83' lang='lat' dir='ltr'>quam</span> <span class='ocrx_word' id='word_1_201' title='bbox 1338 1637 1475 1669; x_wconf 84' lang='lat' dir='ltr'>uenerit</span> <span class='ocrx_word' id='word_1_202' title='bbox 1495 1662 1501 1669; x_wconf 94' lang='lat'>.</span> <span class='ocrx_word' id='word_1_203' title='bbox 1520 1663 1527 1669; x_wconf 94' lang='lat'>.</span> <span class='ocrx_word' id='word_1_204' title='bbox 1543 1662 1550 1669; x_wconf 89' lang='lat'>.</span> <span class='ocrx_word' id='word_1_205' title='bbox 1567 1662 1575 1670; x_wconf 88' lang='lat'>.</span> 
     </span>
     <span class='ocr_line' id='line_1_29' title="bbox 159 1699 1295 1743; baseline -0.001 -9"><span class='ocrx_word' id='word_1_206' title='bbox 159 1702 263 1735; x_wconf 88' lang='lat' dir='ltr'>dolor</span> <span class='ocrx_word' id='word_1_207' title='bbox 289 1703 476 1734; x_wconf 88' lang='lat' dir='ltr'>diuturnus</span> <span class='ocrx_word' id='word_1_208' title='bbox 504 1701 614 1734; x_wconf 87' lang='lat' dir='ltr'>habet</span> <span class='ocrx_word' id='word_1_209' title='bbox 641 1701 799 1733; x_wconf 85' lang='lat' dir='ltr'>laetitiae</span> <span class='ocrx_word' id='word_1_210' title='bbox 826 1701 906 1743; x_wconf 87' lang='lat' dir='ltr'>plus</span> <span class='ocrx_word' id='word_1_211' title='bbox 935 1711 1038 1743; x_wconf 83' lang='lat' dir='ltr'>quam</span> <span class='ocrx_word' id='word_1_212' title='bbox 1063 1700 1253 1732; x_wconf 83' lang='lat' dir='ltr'>molestiae</span> <span class='ocrx_word' id='word_1_213' title='bbox 1265 1699 1295 1733; x_wconf 87' lang='lat'>’‘.</span> 
     </span>
     <span class='ocr_line' id='line_1_30' title="bbox 157 1764 1578 1808; baseline -0.001 -9"><span class='ocrx_word' id='word_1_214' title='bbox 157 1766 250 1799; x_wconf 86' lang='lat' dir='ltr'>idem</span> <span class='ocrx_word' id='word_1_215' title='bbox 279 1765 324 1798; x_wconf 92' lang='lat' dir='ltr'>de</span> <span class='ocrx_word' id='word_1_216' title='bbox 351 1765 481 1798; x_wconf 81' lang='lat' dir='ltr'>officiis</span> <span class='ocrx_word' id='word_1_217' title='bbox 507 1773 554 1798; x_wconf 77' lang='grc' dir='ltr'>ΠΙ</span> <span class='ocrx_word' id='word_1_218' title='bbox 582 1766 637 1805; x_wconf 84' lang='grc'>38,</span> <span class='ocrx_word' id='word_1_219' title='bbox 671 1765 734 1798; x_wconf 83' lang='grc'>117</span> <span class='ocrx_word' id='word_1_220' title='bbox 779 1765 962 1808; x_wconf 84' lang='lat' dir='ltr'>‘quamuis</span> <span class='ocrx_word' id='word_1_221' title='bbox 990 1766 1083 1797; x_wconf 89' lang='lat' dir='ltr'>enim</span> <span class='ocrx_word' id='word_1_222' title='bbox 1108 1764 1228 1797; x_wconf 87' lang='lat' dir='ltr'>multis</span> <span class='ocrx_word' id='word_1_223' title='bbox 1255 1765 1347 1797; x_wconf 84' lang='lat' dir='ltr'>locis</span> <span class='ocrx_word' id='word_1_224' title='bbox 1374 1765 1469 1798; x_wconf 86' lang='lat' dir='ltr'>dicat</span> <span class='ocrx_word' id='word_1_225' title='bbox 1494 1766 1578 1808; x_wconf 86' lang='lat' dir='ltr'>Epi-</span> 
     </span>
     <span class='ocr_line' id='line_1_31' title="bbox 158 1826 1580 1873; baseline -0.001 -9"><span class='ocrx_word' id='word_1_226' title='bbox 158 1842 274 1870; x_wconf 87' lang='lat' dir='ltr'>curus,</span> <span class='ocrx_word' id='word_1_227' title='bbox 309 1826 414 1864; x_wconf 81' lang='lat' dir='ltr'>sicuti</span> <span class='ocrx_word' id='word_1_228' title='bbox 442 1830 542 1868; x_wconf 86' lang='lat' dir='ltr'>dicit,</span> <span class='ocrx_word' id='word_1_229' title='bbox 579 1830 664 1863; x_wconf 78' lang='lat' dir='ltr'>satis</span> <span class='ocrx_word' id='word_1_230' title='bbox 697 1830 835 1862; x_wconf 87' lang='lat' dir='ltr'>sortiter</span> <span class='ocrx_word' id='word_1_231' title='bbox 864 1830 908 1862; x_wconf 89' lang='lat' dir='ltr'>de</span> <span class='ocrx_word' id='word_1_232' title='bbox 936 1830 1076 1867; x_wconf 82' lang='lat' dir='ltr'>dolore,</span> <span class='ocrx_word' id='word_1_233' title='bbox 1113 1835 1229 1862; x_wconf 87' lang='lat' dir='ltr'>tamen</span> <span class='ocrx_word' id='word_1_234' title='bbox 1256 1841 1328 1863; x_wconf 88' lang='lat' dir='ltr'>non</span> <span class='ocrx_word' id='word_1_235' title='bbox 1353 1830 1391 1862; x_wconf 84' lang='lat' dir='ltr'>id</span> <span class='ocrx_word' id='word_1_236' title='bbox 1418 1835 1580 1873; x_wconf 80' lang='lat' dir='ltr'>spectan-</span> 
     </span>
     <span class='ocr_line' id='line_1_32' title="bbox 159 1895 1578 1939; baseline -0.001 -11"><span class='ocrx_word' id='word_1_237' title='bbox 159 1896 242 1928; x_wconf 83' lang='lat' dir='ltr'>dum</span> <span class='ocrx_word' id='word_1_238' title='bbox 270 1900 325 1928; x_wconf 88' lang='lat' dir='ltr'>est</span> <span class='ocrx_word' id='word_1_239' title='bbox 350 1895 436 1939; x_wconf 86' lang='lat' dir='ltr'>quid</span> <span class='ocrx_word' id='word_1_240' title='bbox 464 1895 571 1932; x_wconf 87' lang='lat' dir='ltr'>dicat,</span> <span class='ocrx_word' id='word_1_241' title='bbox 599 1896 663 1928; x_wconf 84' lang='lat' dir='ltr'>sed</span> <span class='ocrx_word' id='word_1_242' title='bbox 690 1895 777 1938; x_wconf 86' lang='lat' dir='ltr'>quid</span> <span class='ocrx_word' id='word_1_243' title='bbox 804 1901 1083 1927; x_wconf 82' lang='lat' dir='ltr'>consentaneum</span> <span class='ocrx_word' id='word_1_244' title='bbox 1110 1895 1156 1927; x_wconf 84' lang='lat' dir='ltr'>sit</span> <span class='ocrx_word' id='word_1_245' title='bbox 1184 1895 1217 1927; x_wconf 81' lang='lat' dir='ltr'>ei</span> <span class='ocrx_word' id='word_1_246' title='bbox 1245 1895 1376 1937; x_wconf 81' lang='lat' dir='ltr'>dicere,</span> <span class='ocrx_word' id='word_1_247' title='bbox 1403 1895 1463 1938; x_wconf 89' lang='lat' dir='ltr'>qui</span> <span class='ocrx_word' id='word_1_248' title='bbox 1483 1896 1578 1927; x_wconf 80' lang='lat' dir='ltr'>bona</span> 
     </span>
     <span class='ocr_line' id='line_1_33' title="bbox 158 1956 923 2012; baseline 0 -19"><span class='ocrx_word' id='word_1_249' title='bbox 158 1961 343 2004; x_wconf 87' lang='lat' dir='ltr'>uoluptate</span> <span class='ocrx_word' id='word_1_250' title='bbox 369 1960 624 1999; x_wconf 84' lang='lat' dir='ltr'>terminauerit,</span> <span class='ocrx_word' id='word_1_251' title='bbox 650 1960 742 1992; x_wconf 83' lang='lat' dir='ltr'>mala</span> <span class='ocrx_word' id='word_1_252' title='bbox 770 1956 923 2012; x_wconf 58' lang='lat' dir='ltr'>dolore&#39;.</span> 
     </span>
    </p>

    <p class='ocr_par' dir='ltr' id='par_1_12' title="bbox 159 2023 1579 2195">
     <span class='ocr_line' id='line_1_34' title="bbox 159 2023 1579 2068; baseline -0.001 -10"><span class='ocrx_word' id='word_1_253' title='bbox 159 2023 460 2058; x_wconf 69' lang='lat' dir='ltr'>TERTVLLIANVS</span> <span class='ocrx_word' id='word_1_254' title='bbox 486 2024 666 2068; x_wconf 81' lang='lat' dir='ltr'>apologet.</span> <span class='ocrx_word' id='word_1_255' title='bbox 694 2025 740 2058; x_wconf 83' lang='lat'>45</span> <span class='ocrx_word' id='word_1_256' title='bbox 769 2024 840 2056; x_wconf 83' lang='lat' dir='ltr'>‘sic</span> <span class='ocrx_word' id='word_1_257' title='bbox 867 2030 901 2056; x_wconf 88' lang='lat' dir='ltr'>et</span> <span class='ocrx_word' id='word_1_258' title='bbox 930 2024 1104 2068; x_wconf 80' lang='lat' dir='ltr'>Epicurus</span> <span class='ocrx_word' id='word_1_259' title='bbox 1132 2034 1271 2057; x_wconf 87' lang='lat' dir='ltr'>omnem</span> <span class='ocrx_word' id='word_1_260' title='bbox 1299 2024 1490 2057; x_wconf 84' lang='lat' dir='ltr'>cruciatum</span> <span class='ocrx_word' id='word_1_261' title='bbox 1517 2023 1579 2056; x_wconf 83' lang='lat' dir='ltr'>do-</span> 
     </span>
     <span class='ocr_line' id='line_1_35' title="bbox 159 2088 1578 2133; baseline 0 -12"><span class='ocrx_word' id='word_1_262' title='bbox 159 2089 343 2133; x_wconf 82' lang='lat' dir='ltr'>loremque</span> <span class='ocrx_word' id='word_1_263' title='bbox 370 2089 559 2133; x_wconf 82' lang='lat' dir='ltr'>depretiat,</span> <span class='ocrx_word' id='word_1_264' title='bbox 590 2089 770 2122; x_wconf 84' lang='lat' dir='ltr'>modicum</span> <span class='ocrx_word' id='word_1_265' title='bbox 798 2089 940 2132; x_wconf 88' lang='lat' dir='ltr'>quidem</span> <span class='ocrx_word' id='word_1_266' title='bbox 968 2088 1274 2131; x_wconf 84' lang='lat' dir='ltr'>contemptibilem</span> <span class='ocrx_word' id='word_1_267' title='bbox 1301 2089 1578 2132; x_wconf 80' lang='lat' dir='ltr'>pronuntiando,</span> 
     </span>
     <span class='ocr_line' id='line_1_36' title="bbox 159 2153 801 2195; baseline 0 -8"><span class='ocrx_word' id='word_1_268' title='bbox 159 2164 323 2195; x_wconf 85' lang='lat' dir='ltr'>magnum</span> <span class='ocrx_word' id='word_1_269' title='bbox 350 2164 436 2186; x_wconf 87' lang='lat' dir='ltr'>uero</span> <span class='ocrx_word' id='word_1_270' title='bbox 463 2165 536 2186; x_wconf 89' lang='lat' dir='ltr'>non</span> <span class='ocrx_word' id='word_1_271' title='bbox 565 2154 770 2186; x_wconf 78' lang='lat' dir='ltr'>diuturnum</span> <span class='ocrx_word' id='word_1_272' title='bbox 783 2153 801 2187; x_wconf 73' lang='lat'>⁸.</span> 
     </span>
    </p>

    <p class='ocr_par' dir='ltr' id='par_1_13' title="bbox 161 2217 1579 2326">
     <span class='ocr_line' id='line_1_37' title="bbox 162 2217 1579 2263; baseline -0.001 -12"><span class='ocrx_word' id='word_1_273' title='bbox 162 2219 206 2252; x_wconf 83' lang='lat' dir='ltr'>cs.</span> <span class='ocrx_word' id='word_1_274' title='bbox 224 2220 320 2252; x_wconf 89' lang='lat' dir='ltr'>Zeno</span> <span class='ocrx_word' id='word_1_275' title='bbox 338 2219 440 2262; x_wconf 87' lang='lat' dir='ltr'>Epic.</span> <span class='ocrx_word' id='word_1_276' title='bbox 468 2230 522 2263; x_wconf 83' lang='lat' dir='ltr'>ap.</span> <span class='ocrx_word' id='word_1_277' title='bbox 547 2219 620 2252; x_wconf 88' lang='lat' dir='ltr'>Cic.</span> <span class='ocrx_word' id='word_1_278' title='bbox 648 2220 754 2251; x_wconf 85' lang='lat' dir='ltr'>Tusc.</span> <span class='ocrx_word' id='word_1_279' title='bbox 775 2219 866 2263; x_wconf 83' lang='lat' dir='ltr'>disp.</span> <span class='ocrx_word' id='word_1_280' title='bbox 893 2225 938 2251; x_wconf 90' lang='lat'>111</span> <span class='ocrx_word' id='word_1_281' title='bbox 969 2217 1024 2260; x_wconf 82' lang='lat'>17,</span> <span class='ocrx_word' id='word_1_282' title='bbox 1044 2218 1088 2251; x_wconf 81' lang='lat'>38</span> <span class='ocrx_word' id='word_1_283' title='bbox 1115 2218 1213 2250; x_wconf 84' lang='lat' dir='ltr'>‘eum</span> <span class='ocrx_word' id='word_1_284' title='bbox 1242 2228 1320 2250; x_wconf 89' lang='lat' dir='ltr'>esse</span> <span class='ocrx_word' id='word_1_285' title='bbox 1347 2217 1490 2250; x_wconf 81' lang='lat' dir='ltr'>beatum</span> <span class='ocrx_word' id='word_1_286' title='bbox 1518 2218 1579 2260; x_wconf 86' lang='lat' dir='ltr'>qui</span> 
     </span>
     <span class='ocr_line' id='line_1_38' title="bbox 161 2281 1550 2326; baseline 0 -11"><span class='ocrx_word' id='word_1_287' title='bbox 161 2284 410 2326; x_wconf 85' lang='lat' dir='ltr'>praesentibus</span> <span class='ocrx_word' id='word_1_288' title='bbox 436 2283 684 2326; x_wconf 85' lang='lat' dir='ltr'>uoluptatibus</span> <span class='ocrx_word' id='word_1_289' title='bbox 710 2283 884 2315; x_wconf 79' lang='lat' dir='ltr'>frueretur</span> <span class='ocrx_word' id='word_1_290' title='bbox 909 2281 1176 2324; x_wconf 81' lang='lat' dir='ltr'>confideretque</span> <span class='ocrx_word' id='word_1_291' title='bbox 1205 2292 1242 2314; x_wconf 83' lang='lat' dir='ltr'>se</span> <span class='ocrx_word' id='word_1_292' title='bbox 1270 2282 1456 2315; x_wconf 79' lang='lat' dir='ltr'>fruiturum</span> <span class='ocrx_word' id='word_1_293' title='bbox 1485 2308 1492 2314; x_wconf 88' lang='lat'>.</span> <span class='ocrx_word' id='word_1_294' title='bbox 1513 2308 1520 2315; x_wconf 90' lang='lat'>.</span> <span class='ocrx_word' id='word_1_295' title='bbox 1543 2307 1550 2315; x_wconf 89' lang='lat'>.</span> 
     </span>
    </p>

    <p class='ocr_par' dir='ltr' id='par_1_14' title="bbox 161 2346 1580 2520">
     <span class='ocr_line' id='line_1_39' title="bbox 161 2346 1580 2385; baseline -0.001 -5"><span class='ocrx_word' id='word_1_296' title='bbox 161 2347 290 2380; x_wconf 87' lang='lat' dir='ltr'>dolore</span> <span class='ocrx_word' id='word_1_297' title='bbox 316 2358 389 2380; x_wconf 86' lang='lat' dir='ltr'>non</span> <span class='ocrx_word' id='word_1_298' title='bbox 414 2347 687 2385; x_wconf 85' lang='lat' dir='ltr'>interueniente,</span> <span class='ocrx_word' id='word_1_299' title='bbox 726 2352 784 2379; x_wconf 78' lang='lat' dir='ltr'>aut</span> <span class='ocrx_word' id='word_1_300' title='bbox 812 2347 840 2378; x_wconf 85' lang='lat' dir='ltr'>si</span> <span class='ocrx_word' id='word_1_301' title='bbox 867 2346 1114 2384; x_wconf 79' lang='lat' dir='ltr'>interueniret,</span> <span class='ocrx_word' id='word_1_302' title='bbox 1150 2346 1179 2378; x_wconf 88' lang='lat' dir='ltr'>si</span> <span class='ocrx_word' id='word_1_303' title='bbox 1208 2356 1363 2379; x_wconf 86' lang='lat' dir='ltr'>summus</span> <span class='ocrx_word' id='word_1_304' title='bbox 1393 2347 1495 2384; x_wconf 83' lang='lat' dir='ltr'>soret,</span> <span class='ocrx_word' id='word_1_305' title='bbox 1529 2347 1580 2378; x_wconf 85' lang='lat' dir='ltr'>su-</span> 
     </span>
     <span class='ocr_line' id='line_1_40' title="bbox 161 2410 1577 2455; baseline -0.002 -10"><span class='ocrx_word' id='word_1_306' title='bbox 161 2417 277 2445; x_wconf 82' lang='lat' dir='ltr'>turum</span> <span class='ocrx_word' id='word_1_307' title='bbox 302 2413 461 2451; x_wconf 85' lang='lat' dir='ltr'>breuem,</span> <span class='ocrx_word' id='word_1_308' title='bbox 495 2413 550 2445; x_wconf 87' lang='lat' dir='ltr'>sin</span> <span class='ocrx_word' id='word_1_309' title='bbox 574 2412 795 2455; x_wconf 84' lang='lat' dir='ltr'>productior,</span> <span class='ocrx_word' id='word_1_310' title='bbox 822 2412 904 2455; x_wconf 84' lang='lat' dir='ltr'>plus</span> <span class='ocrx_word' id='word_1_311' title='bbox 931 2411 1135 2444; x_wconf 80' lang='lat' dir='ltr'>habiturum</span> <span class='ocrx_word' id='word_1_312' title='bbox 1161 2411 1306 2443; x_wconf 86' lang='lat' dir='ltr'>iucundi</span> <span class='ocrx_word' id='word_1_313' title='bbox 1334 2421 1438 2454; x_wconf 84' lang='lat' dir='ltr'>quam</span> <span class='ocrx_word' id='word_1_314' title='bbox 1464 2410 1577 2443; x_wconf 84' lang='lat' dir='ltr'>mali‘.</span> 
     </span>
     <span class='ocr_line' id='line_1_41' title="bbox 161 2474 1580 2520; baseline -0.002 -10"><span class='ocrx_word' id='word_1_315' title='bbox 161 2474 312 2510; x_wconf 69' lang='lat' dir='ltr'>SENECA</span> <span class='ocrx_word' id='word_1_316' title='bbox 339 2477 442 2520; x_wconf 82' lang='lat' dir='ltr'>epist.</span> <span class='ocrx_word' id='word_1_317' title='bbox 471 2475 565 2515; x_wconf 45' lang='lat'><strong>7331·</strong></span> <span class='ocrx_word' id='word_1_318' title='bbox 592 2476 758 2518; x_wconf 84' lang='lat' dir='ltr'>‘magnos</span> <span class='ocrx_word' id='word_1_319' title='bbox 786 2476 960 2507; x_wconf 83' lang='lat' dir='ltr'>cruciatus</span> <span class='ocrx_word' id='word_1_320' title='bbox 986 2475 1096 2507; x_wconf 78' lang='lat' dir='ltr'>habet</span> <span class='ocrx_word' id='word_1_321' title='bbox 1121 2476 1278 2507; x_wconf 86' lang='lat' dir='ltr'>morbus.</span> <span class='ocrx_word' id='word_1_322' title='bbox 1306 2476 1371 2508; x_wconf 87' lang='lat' dir='ltr'>sed</span> <span class='ocrx_word' id='word_1_323' title='bbox 1396 2475 1463 2507; x_wconf 89' lang='lat' dir='ltr'>hos</span> <span class='ocrx_word' id='word_1_324' title='bbox 1491 2475 1580 2508; x_wconf 87' lang='lat' dir='ltr'>tole-</span> 
     </span>
    </p>
   </div>
   <div class='ocr_carea' id='block_1_12' title="bbox 162 2595 1584 2759">
    <p class='ocr_par' dir='ltr' id='par_1_15' title="bbox 162 2595 1584 2759">
     <span class='ocr_line' id='line_1_42' title="bbox 285 2595 1581 2640; baseline -0.004 -8"><span class='ocrx_word' id='word_1_325' title='bbox 285 2599 327 2632; x_wconf 85' lang='lat'>11</span> <span class='ocrx_word' id='word_1_326' title='bbox 356 2597 397 2632; x_wconf 85' lang='grc' dir='ltr'>ἑν</span> <span class='ocrx_word' id='word_1_327' title='bbox 423 2598 464 2633; x_wconf 80' lang='grc' dir='ltr'>δὲ</span> <span class='ocrx_word' id='word_1_328' title='bbox 490 2600 568 2632; x_wconf 80' lang='grc' dir='ltr'>κτλ.</span> <span class='ocrx_word' id='word_1_329' title='bbox 596 2597 791 2631; x_wconf 82' lang='lat' dir='ltr'>sententias</span> <span class='ocrx_word' id='word_1_330' title='bbox 817 2596 975 2640; x_wconf 86' lang='lat' dir='ltr'>Epicuri,</span> <span class='ocrx_word' id='word_1_331' title='bbox 1011 2596 1121 2629; x_wconf 86' lang='lat' dir='ltr'>uerba</span> <span class='ocrx_word' id='word_1_332' title='bbox 1146 2595 1337 2639; x_wconf 87' lang='lat' dir='ltr'>Porphyrii</span> <span class='ocrx_word' id='word_1_333' title='bbox 1370 2605 1449 2628; x_wconf 87' lang='lat' dir='ltr'>esse</span> <span class='ocrx_word' id='word_1_334' title='bbox 1476 2606 1581 2639; x_wconf 86' lang='lat' dir='ltr'>appa·</span> 
     </span>
     <span class='ocr_line' id='line_1_43' title="bbox 162 2653 1584 2701; baseline -0.001 -13"><span class='ocrx_word' id='word_1_335' title='bbox 162 2661 216 2688; x_wconf 88' lang='lat' dir='ltr'>ret</span> <span class='ocrx_word' id='word_1_336' title='bbox 247 2655 254 2699; x_wconf 86' lang='grc' dir='ltr'>Ι</span> <span class='ocrx_word' id='word_1_337' title='bbox 289 2655 570 2701; x_wconf 72' lang='grc' dir='ltr'>ἀπορρίψαντες</span> <span class='ocrx_word' id='word_1_338' title='bbox 596 2657 639 2690; x_wconf 85' lang='lat' dir='ltr'>ci.</span> <span class='ocrx_word' id='word_1_339' title='bbox 666 2656 853 2689; x_wconf 82' lang='lat' dir='ltr'>Nauckius</span> <span class='ocrx_word' id='word_1_340' title='bbox 907 2655 923 2699; x_wconf 78' lang='grc' dir='ltr'>ΙΙ</span> <span class='ocrx_word' id='word_1_341' title='bbox 982 2655 1024 2689; x_wconf 81' lang='grc'>18</span> <span class='ocrx_word' id='word_1_342' title='bbox 1044 2667 1096 2698; x_wconf 88' lang='lat' dir='ltr'>sq.</span> <span class='ocrx_word' id='word_1_343' title='bbox 1124 2655 1168 2688; x_wconf 83' lang='lat' dir='ltr'>cf.</span> <span class='ocrx_word' id='word_1_344' title='bbox 1196 2656 1238 2688; x_wconf 79' lang='lat' dir='ltr'>fr.</span> <span class='ocrx_word' id='word_1_345' title='bbox 1257 2654 1325 2689; x_wconf 81' lang='lat'>397</span> <span class='ocrx_word' id='word_1_346' title='bbox 1353 2665 1387 2698; x_wconf 91' lang='lat' dir='ltr'>p.</span> <span class='ocrx_word' id='word_1_347' title='bbox 1402 2654 1486 2693; x_wconf 78' lang='lat'><strong>266,</strong></span> <span class='ocrx_word' id='word_1_348' title='bbox 1500 2655 1545 2687; x_wconf 80' lang='lat'>25</span> <span class='ocrx_word' id='word_1_349' title='bbox 1579 2653 1584 2698; x_wconf 67' lang='grc' dir='ltr'>Ι</span> 
     </span>
     <span class='ocr_line' id='line_1_44' title="bbox 162 2713 1580 2759; baseline -0.002 -11"><span class='ocrx_word' id='word_1_350' title='bbox 162 2713 209 2749; x_wconf 78' lang='grc'>34</span> <span class='ocrx_word' id='word_1_351' title='bbox 235 2715 380 2748; x_wconf 81' lang='lat' dir='ltr'>omnino</span> <span class='ocrx_word' id='word_1_352' title='bbox 404 2714 493 2748; x_wconf 82' lang='lat' dir='ltr'>haec</span> <span class='ocrx_word' id='word_1_353' title='bbox 519 2716 675 2759; x_wconf 80' lang='lat' dir='ltr'>epistula</span> <span class='ocrx_word' id='word_1_354' title='bbox 701 2714 849 2747; x_wconf 86' lang='lat' dir='ltr'>multum</span> <span class='ocrx_word' id='word_1_355' title='bbox 874 2714 983 2747; x_wconf 83' lang='lat' dir='ltr'>habet</span> <span class='ocrx_word' id='word_1_356' title='bbox 1005 2714 1141 2756; x_wconf 84' lang='lat' dir='ltr'>ingenii</span> <span class='ocrx_word' id='word_1_357' title='bbox 1159 2714 1327 2757; x_wconf 83' lang='lat' dir='ltr'>Epicurei</span> <span class='ocrx_word' id='word_1_358' title='bbox 1351 2714 1436 2746; x_wconf 87' lang='lat' dir='ltr'>inde</span> <span class='ocrx_word' id='word_1_359' title='bbox 1462 2725 1480 2745; x_wconf 86' lang='lat' dir='ltr'>a</span> <span class='ocrx_word' id='word_1_360' title='bbox 1504 2723 1580 2745; x_wconf 88' lang='lat' dir='ltr'>uer·</span> 
     </span>
    </p>
   </div>
   <div class='ocr_carea' id='block_1_13' title="bbox 1527 2788 1586 2819">
    <p class='ocr_par' dir='ltr' id='par_1_16' title="bbox 1527 2788 1586 2819">
     <span class='ocr_line' id='line_1_45' title="bbox 1527 2788 1586 2819; baseline 0 -11"><span class='ocrx_word' id='word_1_361' title='bbox 1527 2788 1558 2819; x_wconf 73' lang='grc'>19</span> <span class='ocrx_word' id='word_1_362' title='bbox 1567 2789 1586 2808; x_wconf 68' lang='grc' dir='ltr'>ἢ*</span> 
     </span>
    </p>
   </div>
  </div>
 </body>
</html>
