1842 3250
157 495 225 529 373

156 2257 226 2290 374

249 250 318 283 252
729 250 838 282 EPIC
845 251 932 282 VR]
959 251 1179 282 PHYSICA

249 377 339 409 quae
365 364 485 398 rettuli
512 365 556 397 de
585 365 719 398 morbis
746 371 781 397 et
806 365 978 398 inmatura
1002 370 1127 404 morte,
1168 375 1246 398 cum
1275 366 1462 398 debuerint
1495 367 1661 409 cogitare,

251 427 306 461 his
331 429 528 471 adsumptis
554 438 644 471 quae
672 430 876 461 necessario
900 428 1160 472 sequerentur’.

369 494 612 530 LACTANTIVS
647 497 691 529 (le
725 497 866 540 opificio
895 498 954 530 dei
985 497 1017 536 6,
1043 497 1063 530 7
1103 497 1266 530 ‘uidebat
1292 498 1399 540 igitur
1423 499 1598 541 Epicurus
1625 500 1661 531 in

250 561 460 604 corporibus
493 560 697 594 animalium
734 562 877 594 diuinae
911 562 1057 594 rationis
1092 562 1298 595 sollertiam.
1338 563 1401 595 sed
1435 570 1472 594 ut
1508 562 1662 595 efficeret

250 626 348 668 quod
375 629 455 658 ante
480 626 711 669 inprudenter
738 626 993 670 adsumpserat,
1032 626 1161 659 adiecit
1188 627 1285 659 aliud
1312 627 1581 659 deliramentum
1607 638 1663 659 su-

250 690 381 734 periori
407 701 619 732 congruens.
647 692 734 723 dixit
761 691 854 723 enim
882 701 998 735 neque
1026 691 1150 723 oculos
1177 692 1222 724 ad
1248 691 1444 723 uidendum
1463 702 1542 723 esse
1560 696 1662 723 natos

250 765 367 797 neque
393 765 494 787 aures
521 755 565 791 ad
592 755 806 788 audiendum
840 766 956 798 neque
981 756 1093 799 pedes
1120 755 1163 788 ad
1190 756 1454 793 ambulandum,
1496 756 1663 798 quoniam

249 820 407 852 membra
424 819 511 851 haec
530 820 628 862 prius
647 824 728 851 nata
747 824 878 858 essent,
904 830 1009 862 quam
1037 825 1131 852 esset
1157 831 1241 852 usus
1268 820 1417 852 uidendi
1438 825 1472 852 et
1493 819 1663 851 audiendi

251 889 284 914 et
314 883 530 923 ambulandi,
573 884 638 916 sed
671 884 797 916 horum
830 885 987 917 omnium
1020 885 1138 917 officia
1171 895 1214 917 ex
1244 885 1334 917 natis
1365 884 1542 917 exstitisse
1571 908 1578 917 .
1598 909 1606 917 .
1627 909 1633 916 .
1655 911 1662 918 .

251 948 337 990 quid
364 948 427 987 ais,
454 948 632 991 Epicure?
658 959 730 982 non
757 953 837 981 sunt
866 949 910 981 ad
936 949 1129 981 uidendum
1157 949 1251 981 oculi
1279 949 1373 981 nati?
1399 959 1460 981 cur
1484 949 1591 989 igitur
1614 949 1664 981 ui·
1690 961 1699 983 1

251 1012 355 1044 dent?
383 1013 524 1051 Postea,
550 1013 677 1056 inquit,
706 1025 789 1046 usus
817 1025 937 1046 eorum
965 1014 1137 1057 apparuit.
1166 1014 1325 1046 Videndi
1344 1024 1429 1055 ergo
1449 1023 1573 1046 caussa
1590 1012 1665 1045 nati

251 1081 343 1114 sunt,
370 1077 400 1109 si
425 1076 569 1120 quidem
596 1078 684 1109 nihil
715 1083 865 1121 possunt
894 1078 991 1110 aliud
1020 1088 1123 1121 quam
1151 1077 1292 1110 uidere'
1317 1082 1383 1112 etc.

250 1140 432 1175 GAmamvs
465 1141 509 1174 dc
541 1153 608 1174 usu
641 1143 790 1184 partium
816 1150 829 1175 1
857 1142 899 1175 21
927 1148 949 1175 t.
969 1150 1014 1175 111
1040 1154 1073 1185 p.
1092 1143 1139 1176 74
1165 1143 1214 1175 K.
1266 1143 1348 1176 νυνὶ
1376 1142 1416 1177 δὲ
1444 1141 1467 1176 ἅ
1493 1152 1564 1185 περ
1590 1141 1663 1184 ἤδη

249 1206 348 1247 τινὲς
380 1207 460 1240 τῶν
492 1205 768 1248 ἀσπαζομένων
800 1207 892 1248 τοὺς
918 1206 1140 1250 Ἐπικούρου
1171 1217 1213 1241 τε
1248 1210 1317 1241 τοῦ
1350 1206 1568 1250 φιλοσόφου
1603 1207 1664 1240 καὶ

250 1269 527 1313 Ἀσκληπιάδου
551 1273 621 1304 τοῦ
649 1270 779 1314 ἰατροῦ
806 1271 942 1313 λόγους
965 1270 1294 1314 ἀμφισβητοῦντες
1319 1271 1414 1314 ὑπὲρ
1437 1273 1516 1305 τῶν
1540 1271 1663 1305 τοιού-

249 1345 327 1369 των
353 1335 540 1378 λέγουσιν,
568 1336 670 1369 ἀξιον
698 1336 747 1378 μή
773 1337 974 1380 παρελθεῖν
1002 1362 1008 1369 .
1029 1362 1036 1370 .
1057 1363 1064 1369 .
1086 1363 1092 1369 .
1121 1335 1222 1371 δοκεῖ
1249 1336 1295 1379 δὴ
1320 1336 1472 1377 τούτοις
1496 1338 1575 1377 τοῖς
1601 1335 1663 1369 ἀν-

251 1400 383 1443 δράσιν
417 1400 497 1434 οὔθ’
527 1400 585 1434 ὅτι
616 1403 746 1443 παχεῖς
773 1399 809 1434 οἱ
836 1399 1013 1441 τένοντες
1044 1399 1235 1442 ἐγένοντο,
1278 1399 1336 1434 διὰ
1368 1403 1485 1434 τοῦτο
1512 1400 1572 1433 καὶ
1598 1399 1665 1441 τὰς

250 1464 438 1508 ἐνεργείας
465 1465 559 1499 εἶναι
586 1465 714 1499 αὐτῶν
741 1464 922 1508 σφοδράς,
963 1464 1043 1498 οὔθ’
1075 1463 1132 1498 ὅτι
1157 1463 1298 1507 λεπτοί,
1327 1463 1387 1498 διὰ
1412 1466 1528 1498 τοῦτο
1556 1463 1664 1499 ἀσθε-

249 1531 334 1571 νεῖς,
374 1528 467 1563 ἀλλὰ
496 1529 637 1570 ταύτας
668 1529 736 1570 μὲν
763 1528 838 1563 ὑπὸ
866 1531 945 1562 τῶν
975 1528 1071 1563 κατὰ
1097 1528 1165 1562 τὸν
1192 1527 1271 1571 βίον
1298 1531 1434 1572 χρειῶν
1460 1527 1664 1569 ἀναγκάζε-

251 1595 337 1627 σθαι
369 1591 473 1634 τοιας
499 1593 522 1635 ἢ
549 1592 654 1635 τοίας
679 1592 883 1635 γίγνεσθαι,
923 1593 1014 1634 τοὺς
1041 1594 1073 1627 δ’
1102 1593 1239 1634 ὄγκους
1270 1595 1348 1627 τῶν
1383 1593 1576 1627 τενόντων
1607 1596 1662 1636 τῷ

250 1660 359 1701 ποσῷ
387 1659 454 1700 τῆς
479 1656 663 1700 κινήσεως
689 1658 857 1700 ἕπεσθαι,
895 1659 974 1692 τῶν
1001 1657 1067 1700 μὲν
1093 1656 1389 1699 γυμναζομένων
1415 1657 1466 1698 ὡς
1491 1656 1536 1691 τὸ
1565 1655 1664 1698 εἰκὸς

251 1722 512 1757 εὐεκτούντων
542 1733 585 1756 τε
618 1722 678 1756 καί
704 1721 990 1765 παχυνομένων,
1027 1724 1107 1756 τῶν
1134 1722 1165 1756 δ’
1192 1721 1417 1764 ἀργούντων
1450 1721 1664 1765 ἀτροφούν-

250 1797 328 1820 των
353 1797 396 1821 τε
422 1787 482 1821 καὶ
509 1787 850 1830 κατισχνουμένων.
880 1787 1020 1821 οὔκουν
1046 1787 1106 1821 ὅτι
1132 1786 1278 1829 βέλτιον
1306 1786 1353 1829 ἦν
1379 1788 1458 1820 τῶν
1483 1787 1550 1828 μὲν
1570 1795 1664 1829 σφο-

251 1853 352 1895 δρῶν
381 1852 581 1896 ἐνεργειῶν
609 1849 785 1894 ἰσχυροὺς
817 1852 877 1885 καὶ
903 1853 1033 1894 παχεῖς
1059 1851 1153 1885 εἶναι
1179 1851 1270 1892 τοὺς
1294 1850 1487 1893 τένοντας,
1525 1852 1604 1884 τῶν
1631 1848 1663 1883 δ’

251 1916 535 1960 ἀσθενεστέρων
570 1915 721 1958 ἰσχνοὺς
754 1917 813 1950 καὶ
846 1915 1078 1959 ἀρρώστους,
1118 1915 1221 1958 οὕτω
1259 1913 1536 1957 διαπλασθῆναί
1572 1923 1664 1957 φασι

250 1981 344 2025 πρὸς
370 1984 438 2023 τῆς
463 1981 617 2024 φύσεως
649 1999 693 2005 --
728 1980 773 2015 οὐ
800 1980 872 2024 γὰρ
899 1980 943 2014 ἂν
972 1980 1032 2014 καὶ
1061 1979 1234 2022 πιθήκοις
1264 1979 1439 2021 γενέσθαι
1465 1979 1665 2020 τοιούτους

252 2046 460 2087 δακτύλους
485 2064 554 2089 ——‚
595 2045 674 2080 ἀλλ’
701 2044 752 2086 ὡς
778 2044 922 2088 εἴρηται
947 2045 1124 2087 πρόσθεν,
1152 2044 1188 2079 ἐξ
1215 2042 1381 2087 ἀνάγκης
1408 2043 1663 2085 ἀκολουθῆσαι

251 2115 330 2152 τοῖς
362 2111 429 2152 μὲν
463 2110 759 2152 γυμναζομένοις
790 2110 862 2152 τὴν
896 2109 1107 2152 παχύτητα,
1150 2109 1245 2143 διότι
1283 2108 1489 2152 τρέφονται
1528 2109 1662 2151 καλῶς,

250 2179 329 2217 τοῖς
356 2176 388 2210 δ’
415 2175 574 2220 ἀργοῦσι
599 2175 670 2217 τὴν
697 2173 913 2217 ἰσχνότητα,
940 2177 1066 2218 χεῖρον
1091 2175 1152 2208 καὶ
1178 2173 1329 2214 τούτοις
1356 2173 1614 2216 τρεφομένοις.

372 2249 616 2285 LAOTANTIVS
641 2252 687 2285 de
710 2250 762 2283 ira
784 2251 844 2283 dei
865 2251 920 2290 13,
943 2251 984 2285 19
1009 2251 1131 2283 ‘uides
1157 2261 1241 2292 ergo
1266 2250 1377 2291 magis
1404 2254 1548 2293 propter
1572 2249 1665 2281 mala

252 2328 341 2361 opus
372 2317 478 2350 nobis
513 2326 592 2349 esse
623 2315 813 2359 sapientia:
866 2325 956 2358 quae
983 2315 1052 2347 nisi
1078 2315 1230 2347 fuissent
1256 2314 1452 2358 proposita,
1493 2313 1665 2346 rationale

372 2433 393 2467 5
420 2433 464 2465 cf.
488 2432 522 2471 4,
544 2432 586 2464 14
611 2431 900 2474 ‘adsumpserant
927 2431 1031 2466 enim.
1058 2431 1148 2463 nihil
1173 2431 1249 2463 fieri
1275 2434 1392 2462 mente
1422 2428 1559 2462 diuina²
1581 2429 1587 2469 Ι
1611 2439 1666 2461 su-

251 2490 396 2535 periori]
431 2490 465 2530 6,
493 2491 507 2523 l
545 2491 715 2523 omissum
742 2501 761 2522 a
786 2500 842 2522 me
874 2494 911 2522 ut
939 2500 980 2522 ex
1007 2500 1077 2522 uno
1104 2490 1207 2523 Lucr.
1234 2497 1258 2522 V
1285 2489 1354 2522 837
1375 2499 1450 2532 sqq.
1478 2488 1626 2532 petitum
1661 2485 1666 2531 Ι

252 2551 273 2584 6
303 2549 406 2594 dixit]
436 2550 539 2582 etiam
567 2550 670 2582 Lucr.
690 2556 734 2582 IV
754 2549 957 2582 822—857.
983 2550 1026 2582 cf.
1057 2550 1096 2582 fr.
1118 2547 1188 2582 370
1213 2559 1248 2591 p.
1265 2548 1345 2586 249,
1361 2548 1407 2581 22
1434 2547 1592 2580 Galenus
1620 2547 1663 2579 de

252 2620 317 2641 usu
335 2609 486 2653 partium
504 2615 519 2641 1
537 2609 558 2641 2
574 2619 625 2650 sq.
644 2613 668 2641 t.
683 2615 726 2640 ΠΙ
745 2619 778 2650 p.
796 2607 817 2640 2
832 2619 920 2651 sqq..
947 2608 995 2641 ib.
1015 2608 1035 2642 3
1053 2619 1087 2651 p.
1106 2607 1126 2641 5
1153 2607 1199 2641 οὐ
1224 2606 1296 2650 γὰρ
1323 2607 1380 2641 ὅτι
1405 2609 1529 2649 χεῖρας
1555 2605 1666 2647 ἔσχεν

252 2668 289 2710 (ὁ
316 2667 544 2711 ἄνθρωπος),
573 2667 632 2700 διὰ
657 2670 773 2701 τοῦτο
804 2667 1045 2710 σοφώτατον,
1073 2666 1124 2708 ὠς
1142 2666 1393 2709 Ἀναξαγόρας
1419 2665 1557 2707 ἔλεγεν,
1586 2664 1664 2698 ἀλλ’

251 2726 309 2760 ὅτι
336 2726 566 2768 σοφώτατον
586 2726 644 2768 ἦν,
672 2725 731 2760 διὰ
758 2728 874 2760 τοῦτο
900 2728 1025 2769 χεῖρας
1049 2726 1169 2768 ἔσχεν,
1197 2725 1248 2767 ὠς
1265 2724 1524 2770 Ἀριστοτέλης
1548 2723 1666 2767 φησὶν

251 2784 442 2828 ὀρθότατα
469 2784 666 2826 γινώσκων
714 2783 720 2829 Ι
766 2785 788 2818 S
815 2790 902 2818 nata
928 2790 1018 2818 sunt
1038 2785 1122 2818 libri

1691 1280 1721 1306 15

1687 1601 1720 1627 20

1687 1925 1722 1951 25

1688 2262 1723 2287 30
