1846 3288
562 237 630 270 DE
656 238 861 270 LAERTII
888 236 1186 270 SCRIPTIONE
1425 236 1579 268 XXVII

168 354 403 394 intermixta
442 354 578 393 uerbis
616 353 783 404 Epicuri
821 367 912 392 esse
950 353 1115 399 scholia,
1161 366 1271 391 nunc
1314 354 1488 402 primum
1527 354 1579 390 ab

168 421 244 459 inis
279 428 471 471 separata
510 428 552 460 et
595 433 677 471 quo
708 422 900 467 decebat,
939 422 980 459 in
1015 421 1330 460 adnotationem
1375 422 1578 469 ablegata.

169 501 277 538 quae
313 502 406 528 cum
437 489 687 539 ineptissime
717 489 919 527 inculcata
947 490 1040 540 sint,
1071 496 1116 527 ut
1146 501 1231 527 non
1268 500 1486 538 numquam
1514 488 1579 526 uel

168 557 348 595 mediam
394 557 641 595 sententiam
685 557 981 607 interrumpant
1030 554 1093 607 (ut
1140 568 1180 606 p.
1215 557 1252 602 6,
1282 557 1320 594 5.
1355 558 1418 594 15.
1467 558 1504 601 8,
1542 558 1578 594 2.

169 625 234 669 21,
261 621 345 675 14),
377 630 550 675 apparet
590 630 733 662 contra
765 624 979 662 consilium
1020 625 1107 662 siue
1137 623 1345 673 scriptoris
1378 623 1464 660 siue
1495 623 1579 660 edi-

169 691 267 729 toris
298 691 424 730 inlata
456 703 561 731 esse.
614 691 798 740 sequitur
828 703 940 740 ergo,
971 698 1016 729 ut
1046 691 1180 729 editor
1209 691 1399 740 exempla
1421 691 1578 728 illorum

168 758 361 796 librorum
390 771 474 796 non
506 757 730 808 recognita,
761 758 826 796 uix
850 759 1038 809 inspecta
1069 758 1251 797 librarios
1286 759 1578 796 transscribere

167 825 328 864 iusserit
357 825 596 876 iussumque
626 825 679 863 illi
710 838 759 864 ea
789 826 870 863 fide
902 838 983 875 qua
1021 826 1256 864 debuerunt
1289 826 1450 864 executi
1485 826 1578 873 sint,

166 905 250 931 non
280 893 394 931 obiiti
426 893 668 943 marginum.
717 899 896 931 ceterum
922 894 1080 932 scholia
1108 894 1176 931 illa
1205 893 1423 943 adscripsit
1453 893 1577 931 homo

164 960 267 999 satis
312 961 495 999 eruditus
537 968 579 1000 et
623 962 664 998 in
709 961 887 999 lectione
927 962 1169 1011 ampliorum
1209 962 1375 1012 Epicuri
1410 972 1578 1011 operum

166 1027 295 1078 probe
336 1036 536 1068 uersatus.
599 1041 722 1078 quem
765 1029 950 1066 nondum
994 1029 1206 1067 codicibus
1249 1035 1290 1066 et
1325 1040 1578 1079 pergamena

167 1095 243 1133 sed
273 1095 549 1134 uoluminibus
580 1102 622 1134 et
654 1096 795 1133 charta
829 1108 945 1133 usum
977 1108 1070 1134 esse
1095 1096 1219 1134 fidem
1251 1095 1349 1134 facit
1379 1096 1493 1146 quod
1523 1097 1577 1134 ad

167 1163 282 1200 locos
322 1163 511 1201 eiusdem
548 1163 751 1212 epistulae
789 1163 1040 1212 posteriores
1072 1163 1266 1201 lectorem
1297 1162 1375 1201 hac
1407 1162 1577 1201 formula

164 1231 334 1268 remittit
362 1228 498 1280 φησὶν
529 1228 744 1283 ἑνδοτέρῳ
775 1227 831 1280 (p.
864 1231 901 1281 8,
926 1232 990 1269 12,
1025 1230 1088 1269 16.
1124 1228 1202 1279 19).

279 1299 520 1347 grauissima
550 1303 590 1335 et
612 1298 867 1348 apertissima
889 1299 1005 1346 signa
1026 1298 1067 1335 in
1089 1298 1147 1335 eis
1169 1298 1352 1348 partibus
1373 1302 1576 1348 prostant,

164 1365 312 1416 quibus
356 1365 534 1414 epistula
573 1372 628 1405 111
669 1365 831 1403 morans
877 1365 1163 1403 circumdatur.
1224 1377 1341 1416 quas,
1380 1377 1433 1402 ne
1476 1364 1576 1414 quid

164 1432 255 1471 huic
284 1432 480 1471 uolumini
510 1433 621 1471 desit
649 1434 762 1484 quod
785 1433 826 1470 in
847 1433 999 1471 Laertii
1028 1434 1129 1471 libro
1153 1440 1186 1472 X
1213 1433 1369 1482 legitur,
1402 1433 1575 1482 primum

161 1500 379 1538 continuas
397 1498 411 1524 ¹
439 1512 667 1550 proponam
698 1501 841 1549 quales
862 1501 1089 1539 secundum
1122 1501 1310 1538 codicum
1338 1500 1576 1538 testimonia

166 1569 398 1607 traduntur:

280 1699 376 1744 Περὶ
402 1700 443 1735 δὲ
469 1702 549 1735 τῶν
575 1702 773 1743 βιωτικῶν,
801 1701 861 1735 καὶ
887 1701 993 1742 ὅπως
1016 1700 1086 1743 χρὴ
1106 1700 1153 1734 τὰ
1173 1700 1240 1742 μὲν
1265 1701 1363 1742 ἡμᾶς
1380 1699 1576 1743 αἱρεῖσθαι,
1601 1695 1669 1731 117

163 1765 211 1799 τὰ
247 1765 279 1799 δ’
314 1764 526 1810 ἐκφεύγειν,
565 1766 709 1800 οὑτωσὶ
742 1764 891 1809 γράφει.
941 1764 1140 1808 Πρότερον
1172 1765 1212 1799 δὲ
1247 1764 1454 1805 διέλθωμεν
1485 1764 1508 1797 ἅ
1535 1776 1575 1798 τε

161 1830 268 1874 αὐτῷ
296 1830 400 1864 δοκεῖ
424 1830 509 1873 περὶ
534 1833 603 1864 τοῦ
630 1833 755 1872 σοφοῦ
784 1830 843 1863 καί
869 1833 949 1872 τοῖς
973 1827 1038 1864 ἀπ’
1057 1829 1185 1863 αὐτοῦ.
1215 1828 1351 1871 βλάβας
1375 1828 1412 1863 ἐξ
1431 1829 1575 1872 ἀνθρώ-

159 1904 245 1928 πων
273 1894 296 1937 ἢ
324 1893 385 1928 διὰ
411 1897 520 1937 μῖσος
550 1894 574 1936 ἢ
604 1894 664 1929 διὰ
693 1895 841 1938 φθόνον
867 1895 889 1937 ἢ
916 1894 977 1929 διὰ
1003 1894 1290 1937 καταφρόνησιν
1314 1892 1493 1936 γίνεσθαι,
1521 1893 1576 1927 ὧν

155 1958 224 1993 τὸν
259 1959 384 2002 σοφὸν
412 1960 580 2003 λογισμῷ
613 1959 879 2003 περιγίνεσθαι.
921 1959 1016 1994 ἀλλὰ
1045 1960 1105 1993 καὶ
1137 1959 1205 1993 τὸν
1239 1958 1336 1993 ἅπαξ
1371 1958 1578 2000 γενόμενον
1601 1968 1617 1992 5

159 2022 288 2066 σοφὸν
312 2023 443 2067 μηκέτι
465 2023 537 2066 τὴν
555 2022 730 2059 ἐναντίαν
747 2024 948 2068 λαμβάνειν
972 2023 1140 2058 διάθεσιν
1157 2023 1250 2066 μηδὲ
1274 2022 1454 2058 πλάττειν
1472 2023 1576 2058 ἑκόν-

283 2155 300 2188 1
330 2154 515 2200 αἱρεῖσθαι
539 2155 588 2191 τὰ
612 2154 646 2190 δ’
672 2155 730 2200 (δὲ
758 2157 803 2200 Β)
831 2155 1030 2198 ἐκφεύγειν
1057 2155 1208 2197 BPQH:
1244 2155 1442 2197 ἐκφεύγειν
1469 2155 1516 2189 τὰ
1542 2154 1574 2189 δ’

159 2212 345 2256 αἱρεῖσθαι
369 2215 419 2247 Fr
430 2214 446 2258 ss
464 2213 486 2248 2
514 2214 556 2250 δὲ
582 2225 640 2247 om
666 2212 777 2256 BPlQ
798 2215 804 2255 i
826 2214 849 2248 ἃ
876 2214 917 2248 τὲ
941 2216 969 2246 Β
996 2224 1073 2245 corr
1091 2211 1148 2251 Pl,
1168 2214 1200 2256 Q
1223 2211 1228 2257 Ι
1252 2220 1437 2256 exspectes
1462 2215 1485 2249 ἃ
1512 2215 1575 2249 αὺ-

157 2276 214 2318 τῷ
240 2283 282 2309 τε
306 2276 322 2315 ΙΙ
344 2273 367 2308 3
392 2273 486 2319 τοῖς]
513 2278 613 2309 ποιεῖ
639 2276 676 2307 Η
700 2273 716 2317 11
738 2273 761 2307 4
788 2274 843 2308 ὧν
871 2274 1075 2317 prosodiam
1102 2273 1240 2306 addidit
1267 2283 1345 2305 corr
1370 2274 1400 2305 P
1428 2273 1443 2316 u
1467 2274 1489 2308 ἵ)
1514 2276 1576 2308 λο-

158 2331 315 2378 γισμ[ῶ]
343 2344 422 2366 eum
448 2334 555 2367 litura
586 2334 678 2375 (sort.
708 2345 749 2366 ex
779 2352 820 2357 —
848 2333 904 2373 ὸν)
935 2335 964 2365 Β
986 2333 992 2375 Ι
1016 2330 1288 2376 παραγίνεσθαι
1315 2333 1346 2374 Q
1374 2333 1576 2377 conpendio

158 2391 292 2425 codicis
318 2394 348 2425 P
373 2392 460 2426 male
483 2393 666 2426 intellecto
685 2392 740 2436 116
767 2391 946 2427 πλάττειν
973 2392 1046 2432 (sed
1074 2401 1106 2426 ει
1132 2402 1175 2424 ex
1201 2402 1277 2424 corr
1303 2389 1360 2433 13¹)
1387 2391 1470 2424 libri
1497 2403 1574 2425 cum

157 2451 182 2484 s.
209 2451 253 2485 cf.
281 2451 321 2485 st.
348 2451 415 2486 231

278 2612 292 2645 1
326 2612 471 2653 Singula
496 2617 630 2645 tantum
654 2623 726 2645 non
757 2613 875 2645 omnia
900 2613 936 2644 in
971 2613 1176 2653 fragmentis
1204 2613 1365 2656 dispersa
1389 2614 1575 2646 inueniun-

155 2674 209 2702 tur
235 2669 327 2702 locis
356 2671 392 2703 in
419 2671 537 2704 indice
562 2672 712 2704 fontium
738 2671 956 2712 significatis.
996 2671 1155 2704 Dielsius
1182 2671 1237 2703 hic
1259 2683 1400 2714 quoque
1420 2683 1509 2714 quae
1534 2684 1572 2704 ex

155 2729 280 2761 codice
297 2730 326 2761 P
354 2735 554 2763 enotauerat
580 2730 668 2762 mihi
695 2730 846 2773 inpertiit
873 2730 1050 2773 simulque
1077 2731 1121 2763 de
1141 2731 1171 2762 B
1200 2742 1241 2763 ex
1261 2731 1439 2774 Bywateri
1457 2731 1574 2763 conla-

157 2787 252 2820 tione
277 2788 466 2821 nonnullas
493 2789 737 2822 adnotationes
764 2799 861 2822 meas
890 2789 1048 2823 correxit.
