1842 3250
181 1013 250 1046 352

172 1290 197 1305 c.
218 1281 249 1306 17

277 227 347 260 232
756 226 961 259 EPICVRI
986 226 1204 258 PHYSICA

277 343 373 381 mini
405 344 539 381 similis
574 356 665 380 cum
696 353 847 392 magna
878 349 1014 392 strage
1046 343 1297 380 obstantium
1329 343 1464 380 fertur.
1508 343 1681 382 fortasse

277 416 477 465 palustres
513 421 555 452 et
583 416 767 453 iacentes
809 427 936 464 aquas
977 415 1120 464 aliquis
1161 416 1280 453 flatus
1317 415 1473 464 inpellit
1509 422 1549 453 et
1585 417 1682 453 inde

277 495 348 526 aut
373 490 475 526 ictus
505 495 653 526 terram
683 489 815 537 quatit
845 494 916 525 aut
946 488 1109 537 spiritus
1136 488 1308 537 agitatio
1337 489 1428 537 ipso
1454 495 1568 526 motu
1595 501 1682 526 cre-

277 574 396 599 scens
427 568 468 598 et
502 574 546 599 se
577 561 752 598 incitans
784 561 835 597 ab
868 561 948 597 imo
979 561 1021 596 in
1054 572 1210 598 summa
1242 572 1373 609 usque
1405 560 1616 609 perfertur.

277 632 411 665 nullam
435 638 551 665 tamen
570 632 623 664 illi
642 632 761 674 placet
779 642 920 663 causam
939 636 1054 663 motus
1075 641 1153 664 esse
1172 632 1340 663 maiorem
1365 642 1467 674 quam
1493 630 1681 674 spiritum’.

891 741 958 773 DE
984 741 1063 774 DIS

394 805 613 839 chnmrvs
642 814 670 839 v
698 806 743 839 52

437 870 535 902 ‘cum
561 870 653 902 bene
679 870 884 913 praesertim
910 870 1020 902 multa
1047 880 1086 901 ac
1114 869 1285 901 diuinitus
1311 869 1398 912 ipsis

457 934 717 966 immortalibus
744 935 788 966 de
815 934 908 966 diuis
936 934 1019 966 dare
1047 935 1141 966 dicta
1166 933 1291 966 suerit'
1318 932 1531 978 (Epicurus).

397 1013 539 1048 CICERO
575 1016 619 1047 de
646 1020 715 1047 nat.
742 1015 840 1047 deor.
869 1023 880 1046 1
912 1016 966 1054 16,
994 1015 1038 1048 43
1088 1014 1211 1047 ‘Solus
1239 1015 1330 1047 enim
1357 1013 1564 1059 (Epicurus)
1590 1016 1682 1049 uidit

276 1080 423 1122 primum
448 1091 525 1112 esse
549 1080 649 1117 deos,
678 1080 775 1122 quod
800 1080 834 1111 in
860 1080 1016 1111 omnium
1043 1080 1167 1112 animis
1195 1091 1315 1111 eorum
1342 1080 1524 1112 notionem
1549 1081 1681 1124 inpres-

276 1145 380 1176 sisset
405 1144 483 1187 ipsa
516 1150 647 1176 natura.
700 1155 789 1187 quae
819 1151 871 1176 est
898 1144 990 1176 enim
1019 1155 1109 1185 gens
1137 1150 1196 1176 aut
1223 1145 1320 1187 quod
1346 1155 1459 1186 genus
1487 1145 1680 1184 hominum,

275 1209 371 1251 quod
406 1220 475 1240 non
510 1209 640 1241 habeat
672 1210 747 1241 sine
782 1209 943 1241 doctrina
978 1209 1264 1252 anticipationem
1300 1210 1477 1252 quandam
1514 1209 1682 1242 deorum?

274 1284 378 1316 quam
408 1273 565 1316 appellat
591 1273 781 1316 πρόληψιν
808 1273 984 1316 Epicurus
1013 1299 1159 1306 ......
1211 1273 1318 1315 Quod
1345 1274 1451 1315 igitur
1477 1274 1682 1306 fundamen-

274 1344 345 1370 tum
371 1338 476 1369 huius
505 1338 724 1380 quaestionis
752 1342 817 1375 est,
856 1337 894 1368 id
920 1338 1098 1380 praeclare
1129 1338 1258 1371 iactum
1291 1339 1432 1371 uidetis.
1484 1349 1561 1370 cum
1589 1339 1681 1370 enim

274 1414 345 1435 non
371 1403 532 1434 instituto
560 1402 681 1445 aliquo
711 1407 769 1434 aut
794 1413 892 1434 more
919 1407 977 1434 aut
1004 1402 1085 1443 lege
1112 1403 1158 1434 sit
1185 1403 1307 1445 opinio
1341 1403 1534 1435 constituta
1564 1414 1681 1435 mane-

275 1472 378 1509 atque
406 1468 450 1498 ad
476 1478 583 1499 unum
610 1467 766 1499 omnium
797 1467 895 1498 firma
920 1469 1122 1506 consensio,
1156 1468 1319 1509 intellegi
1347 1478 1495 1500 necesse
1523 1473 1576 1501 est
1602 1478 1681 1500 esse

273 1533 373 1570 deos,
394 1533 560 1575 quoniam
580 1532 703 1563 insitas
724 1542 843 1564 eorum
862 1558 868 1564 .
885 1558 891 1564 .
910 1558 916 1564 .
934 1559 940 1565 .
958 1532 1181 1573 cognitiones
1201 1532 1383 1565 habemus.
1412 1532 1455 1564 de
1474 1543 1545 1575 quo
1565 1538 1681 1564 autem

274 1597 428 1629 omnium
448 1602 571 1628 natura
589 1596 777 1634 consentit,
804 1597 842 1628 id
862 1607 982 1628 uerum
1008 1607 1086 1628 esse
1106 1607 1251 1628 necesse
1272 1602 1334 1629 est.
1370 1607 1448 1628 esse
1468 1597 1575 1637 igitur
1593 1597 1681 1629 deos

274 1661 512 1693 confitendum
540 1666 603 1694 est.
657 1661 763 1703 Quod
791 1662 958 1703 quoniam
986 1661 1059 1693 fere
1086 1666 1226 1693 constat
1251 1661 1341 1692 inter
1368 1661 1482 1693 omnis
1509 1672 1580 1693 non
1606 1662 1682 1704 phi-

275 1726 450 1768 losophos
480 1726 596 1757 solum
623 1726 687 1757 sed
715 1725 819 1757 etiam
846 1725 1025 1763 indoctos,
1061 1726 1231 1757 fateamur
1257 1730 1418 1757 constare
1445 1726 1538 1757 illud
1566 1726 1681 1763 etiam,

272 1791 361 1822 hanc
389 1801 454 1822 nos
482 1790 612 1822 habere
639 1790 715 1822 siue
741 1789 1041 1832 anticipationem,
1081 1795 1118 1822 ut
1145 1795 1224 1822 ante
1250 1790 1334 1827 dixi,
1374 1790 1449 1822 siue
1480 1791 1682 1833 praenotio-

272 1864 352 1886 nem
383 1854 528 1886 deorum
556 1880 674 1887 .....
691 1880 699 1896 ,
740 1859 777 1885 ut
804 1854 892 1886 deos
918 1854 1044 1886 beatos
1072 1859 1106 1885 et
1132 1854 1337 1886 inmortales
1374 1859 1548 1897 putemus.
1592 1865 1682 1897 quae

274 1919 365 1950 enim
393 1919 497 1950 nobis
526 1923 649 1950 natura
674 1918 961 1950 informationem
985 1918 1144 1960 ipsorum
1172 1919 1318 1950 deorum
1345 1919 1455 1958 dedit,
1484 1919 1607 1951 eadem
1631 1920 1682 1951 in-

274 1983 423 2026 sculpsit
449 1983 485 2014 in
514 1983 703 2021 mentibus,
747 1986 785 2014 ut
811 1993 873 2014 eos
901 1986 1064 2014 aeternos
1093 1986 1127 2014 et
1153 1982 1279 2015 beatos
1307 1983 1529 2016 haberemus.
1560 2008 1567 2016 .
1588 2009 1596 2016 .
1617 2009 1625 2016 .
1645 2009 1653 2017 .
1673 2008 1681 2016 .

398 2104 411 2136 1
442 2105 660 2135 obstantium
690 2108 818 2144 strage
843 2103 872 2134 Β
910 2101 915 2145 Ι
954 2102 975 2135 2
1004 2101 1051 2146 et]
1079 2113 1122 2134 ac
1149 2104 1177 2135 B
1200 2102 1206 2145 1
1228 2105 1376 2146 aliquas
1403 2104 1451 2136 G¹
1490 2103 1494 2145 ξ
1539 2104 1559 2136 3
1587 2107 1683 2135 motu

274 2166 348 2205 ipso
367 2164 395 2194 L
434 2164 438 2204 Ι
478 2163 499 2195 4
527 2167 562 2194 et
585 2164 622 2194 in
649 2172 687 2194 se
711 2162 759 2194 L¹
782 2162 1005 2206 lprofertur
1023 2162 1084 2193 BL
1117 2159 1134 2205 11
1171 2162 1214 2194 10
1241 2162 1408 2194 Tulliana
1431 2162 1592 2204 quamuis
1611 2173 1683 2194 non

274 2222 344 2254 sint
371 2222 414 2253 de
448 2222 545 2252 fonte
573 2225 730 2263 excepta,
772 2226 888 2252 tamen
921 2231 998 2252 cum
1033 2232 1199 2253 summam
1230 2221 1314 2253 libri
1342 2231 1379 2254 π.
1408 2222 1506 2255 Θεῶν
1533 2221 1682 2253 reddere

272 2280 470 2315 uideantur,
507 2280 633 2311 deesse
667 2279 777 2312 nolui.
819 2280 970 2322 adposui
1002 2290 1092 2322 quae
1120 2280 1258 2312 Cottam
1289 2291 1329 2312 ex
1362 2280 1436 2311 illis
1470 2280 1682 2312 referentem

274 2338 397 2370 Cicero
418 2338 511 2370 facit„
548 2343 661 2370 cetera
686 2338 887 2370 testimonia
911 2339 1105 2370 secundum
1133 2339 1293 2370 ordinem
1312 2338 1499 2371 Tullianae
1526 2338 1683 2381 disputa-

272 2397 379 2428 tionis
400 2396 563 2439 disposui
601 2398 607 2438 1
648 2398 688 2429 11
717 2397 759 2429 cf.
780 2396 837 2434 36,
855 2397 924 2430 100
948 2397 1154 2435 ‘habebam
1179 2397 1308 2440 inquis,
1335 2397 1371 2429 in
1399 2397 1514 2429 animo
1541 2397 1682 2429 insitam

273 2456 557 2487 informationem
584 2456 758 2498 quandam
786 2456 861 2487 dei'
909 2458 913 2498 ξ
963 2456 1005 2489 12
1033 2457 1078 2489 cf.
1107 2456 1164 2494 23,
1191 2455 1236 2489 62
1264 2455 1379 2499 ‘quod
1407 2456 1499 2488 enim
1525 2455 1681 2488 omnium

273 2516 428 2557 gentium
456 2525 693 2557 generumque
719 2515 924 2547 hominibus
951 2515 999 2547 ita
1022 2515 1213 2553 uideretur,
1239 2515 1277 2546 id
1296 2515 1380 2547 satis
1400 2525 1563 2555 magnum
1583 2525 1682 2556 argu-

272 2579 426 2605 mentum
448 2584 526 2605 esse
544 2574 676 2612 dixisti,
697 2584 757 2605 cur
775 2584 853 2605 esse
873 2574 960 2606 ileos
981 2573 1240 2606 confiteremur’
1276 2574 1281 2616 1
1320 2573 1362 2606 14
1380 2573 1454 2606 uid.
1471 2584 1503 2615 p.
1521 2573 1600 2611 188,
1614 2573 1655 2606 17
1678 2571 1683 2617 Ι

274 2633 316 2665 21
331 2633 502 2677 fatemur
520 2618 619 2665 l'ibri:
648 2643 735 2665 corr.
752 2633 797 2664 B'2
836 2632 841 2675 l
880 2633 924 2665 25
953 2634 995 2666 cf.
1015 2633 1072 2671 24,
1089 2633 1134 2666 68
1162 2632 1270 2664 ‘illud
1296 2638 1450 2664 uestrum
1480 2632 1622 2664 beatum
1649 2636 1683 2663 et

276 2698 465 2731 aeternum,
494 2692 624 2735 quibus
652 2693 792 2725 duobus
820 2693 941 2725 uerbis
970 2692 1175 2734 significatis
1203 2691 1327 2724 deum’
1359 2691 1416 2729 34,
1441 2690 1486 2724 95
1513 2689 1682 2722 ‘clamare

274 2764 347 2785 non
367 2752 530 2785 desinitis
556 2752 780 2785 retinendum
806 2753 875 2785 hoc
902 2763 994 2792 esse,
1021 2753 1109 2786 deus
1129 2759 1166 2784 ut
1185 2751 1309 2784 beatus
1336 2749 1606 2793 inmortalisque
1624 2748 1683 2782 sit‘

1708 1024 1738 1049 10

1706 1276 1768 1309 (44)

1709 1346 1738 1371 15

1706 1671 1739 1695 ‘30

1706 1857 1766 1888 (45)
