1842 3250
173 1316 242 1349 533

174 1600 244 1633 534

172 1810 242 1845 535

264 205 333 241 322
755 207 962 240 EPICVRI
989 207 1177 240 ETHICA

266 321 320 355 ἔτι
350 322 493 362 Ζῶντος
525 324 595 355 τοῦ
631 320 843 363 κάμνοντος
879 320 1055 363 βοήθειαν
1089 320 1263 364 παρέντι,
1303 321 1396 363 μετὰ
1430 320 1597 355 Θάνατον
1633 321 1674 355 δὲ

265 386 414 420 πλέκειν
439 385 543 427 τινὰς
570 384 738 427 μηχανὰς
766 386 991 429 πειρωμένῳ
1017 386 1112 428 πρὸς
1138 385 1330 428 σωτηρίαν
1356 387 1426 420 τοῦ
1453 387 1674 426 τεθνεῶτος.

264 449 439 482 Arrianus
466 448 619 491 Epictet.
646 448 788 481 dissert.
814 456 858 481 Π]
888 450 919 486 7,
941 449 981 481 11
1023 448 1201 490 ἀφρόνως
1234 448 1274 482 δὲ
1307 451 1406 482 ποιεῖ
1438 449 1497 483 καί
1529 447 1561 482 εἰ
1588 447 1676 482 ἀπέ-

265 524 370 556 χεται
397 514 474 546 τῶν
501 511 709 554 ἀλλοτρίων
737 513 916 554 δικαστὴς
943 513 997 546 ὢν
1024 513 1084 546 καὶ
1112 512 1319 554 δυνάμενος
1343 512 1555 554 λαμβάνειν.
1595 511 1674 547 ἀλλ’

266 578 312 612 ἄν
347 587 409 612 σοι
443 578 550 621 δόξῃ,
590 577 710 611 ἐκεῖνο
749 577 866 619 μόνον
900 577 1167 618 σκεπτώμεθα,
1206 576 1268 610 ἵνα
1303 577 1577 619 κεκρυμμένως,
1615 576 1677 610 ἵνα
1698 584 1714 609 5

266 644 459 686 ασφαλῶς,
495 642 557 676 ἵνα
584 640 634 684 μή
663 651 719 682 τις
744 643 835 684 γνῷ.
886 640 930 674 τὸ
956 640 1028 683 γὰρ
1055 640 1189 682 κλέψαι
1216 640 1296 674 οὐδ’
1324 640 1439 681 αὐτὸς
1466 642 1486 673 ὁ
1514 640 1677 675 Ἐπίκου-

267 718 331 751 ρος
357 705 560 749 ἀποφαίνει
588 705 714 746 κακόν,
741 704 834 738 ἀλλὰ
864 704 909 738 τὸ
939 704 1132 745 ἐμπεσεῖν·
1176 705 1236 737 καὶ
1263 704 1320 737 ὅτι
1346 703 1471 738 πίστιν
1499 705 1582 747 περὶ
1609 707 1677 737 τοῦ

266 774 391 807 λαθεῖν
418 772 543 813 λαβεῖν
571 769 771 811 ἀδύνατον,
799 768 860 803 διὰ
886 771 1003 803 τοῦτο
1030 768 1129 810 λέγει
1157 769 1220 810 Μὴ
1247 769 1437 802 κλέπτετε.

266 836 451 869 Lucretius
477 841 500 866 V
530 834 621 868 1152

447 899 598 931 ‘circum
625 898 707 930 retit
733 897 826 929 enim
854 897 908 929 uis
937 902 1039 938 atque
1066 897 1196 928 iniuria
1222 907 1397 939 quemque
1703 912 1737 936 10

470 969 575 1007 atque
602 963 695 995 unde
723 968 889 997 exortast,
917 961 959 992 ad
987 972 1065 993 cum
1092 961 1301 1004 plerumque
1328 962 1477 993 reuertit

468 1039 533 1061 uec
560 1027 701 1059 facilest
727 1025 905 1069 placidam
932 1036 971 1057 ac
998 1031 1158 1067 pacatam
1185 1025 1316 1065 degere
1343 1026 1458 1058 uitam

346 1101 441 1132 (1155)
469 1094 529 1136 qui
554 1092 669 1125 uiolat
694 1091 796 1124 factis
824 1091 1024 1122 communia
1050 1090 1197 1121 foedera
1223 1090 1338 1133 pacis:

470 1158 537 1190 etsi
564 1156 656 1188 fallit
683 1157 775 1188 enim
803 1156 925 1187 diuom
951 1165 1062 1202 geuus
1089 1155 1362 1197 humanumque,

469 1227 641 1265 perpetuo
668 1227 783 1252 tamen
810 1220 847 1251 id
876 1220 951 1253 sore
980 1218 1069 1253 clam
1097 1219 1260 1250 diffidere
1291 1218 1429 1251 debet'.
1707 1233 1737 1258 15

382 1303 434 1345 οὐ
465 1302 687 1353 παρόντος
728 1300 912 1351 οὐδενὸς
945 1300 968 1341 ὁ
1001 1300 1262 1350 κεκτημένος
1293 1298 1362 1351 [τὸ
1392 1298 1489 1351 τοῦ]
1520 1299 1678 1350 γένους

267 1375 433 1430 τέ[λ]ος
465 1372 859 1428 [πα]ρα[πλησίω]ς
891 1373 1009 1414 ἐστὶν
1042 1371 1239 1424 ἀγαθ[ός.

267 1449 455 1483 Saum-roa
483 1447 702 1481 Emcvm-,vs
728 1453 914 1479 xxczcn‘rvs
941 1446 1032 1478 VH'-'
1055 1453 1112 1478 vn
1140 1445 1182 1478 21
1213 1445 1280 1477 col.
1303 1452 1434 1478 xxvm
1463 1457 1476 1473 a
1508 1444 1548 1478 δὲ
1573 1444 1682 1484 τέλος

269 1514 423 1556 ἀγαθῶν
451 1513 511 1547 καὶ
539 1511 583 1545 τὸ
611 1511 662 1546 οὐ
688 1510 922 1553 παρόντος
1040 1508 1241 1553 ἀγαθ[ὀς.

390 1594 644 1627 PLVTARCHVS
673 1599 794 1625 contra
819 1592 963 1635 Epicuri
991 1592 1249 1624 beatitudinem
1274 1591 1320 1624 25
1346 1602 1381 1634 p.
1403 1589 1512 1624 1104b
1540 1590 1585 1623 οὺ
1611 1589 1682 1632 γὰρ
1705 1601 1740 1625 20

270 1659 486 1702 Ἐπίκουρος
519 1659 620 1702 ἄλλῳ
653 1658 725 1691 τινὶ
756 1658 826 1699 τῆς
857 1655 1002 1697 ἀδικίας
1033 1655 1150 1690 οἴεται
1183 1656 1260 1690 δεῖν
1295 1654 1485 1698 ἀπείργειν
1518 1653 1541 1695 ἢ
1574 1653 1683 1697 φόβῳ

269 1723 475 1759 κολάσεων.

390 1803 586 1839 ORIGENES
616 1809 738 1836 contra
763 1803 907 1836 Celsum
931 1811 986 1835 vn
1007 1802 1051 1836 63
1078 1814 1112 1845 p.
1127 1802 1195 1836 385
1215 1802 1374 1834 Hoesch.
1403 1799 1613 1835 ἐκκλίνουσι
1638 1799 1684 1833 τὸ

271 1870 456 1912 μοιχεύειν
484 1868 519 1903 οἱ
546 1868 593 1902 τὰ
618 1871 688 1902 τοῦ
718 1867 870 1908 Κιτιέως
891 1866 1074 1909 Ζήνωνος
1099 1868 1414 1909 φιλοσοφοῦντες,
1443 1865 1535 1899 ἀλλὰ
1561 1864 1622 1898 καὶ
1648 1861 1684 1896 οἱ

269 1934 317 1968 τὰ
339 1934 572 1976 Ἐπικούρου,
599 1933 701 1973 τινὲς
728 1932 769 1966 δέ
795 1932 856 1966 καὶ
883 1934 960 1965 τῶν
986 1933 1183 1971 παντελῶς
1210 1929 1382 1964 ἰδιωτῶν.
1410 1929 1488 1964 ἀλλ’
1514 1929 1585 1972 ὅρα
1610 1927 1683 1969 ὅση
1706 1941 1742 1966 ⁴25

271 1997 460 2040 διαφωνία
493 1997 573 2031 ἐστὶ
605 1998 689 2040 περὶ
721 1998 790 2037 τῆς
824 1998 892 2029 τοῦ
928 1995 1115 2037 μοιχεύειν
1148 1993 1347 2034 ἑκκλίσεως
1378 1996 1457 2027 τῶν
1483 1992 1682 2027 τοιούτων.

271 2061 306 2097 οἳ
334 2064 400 2104 μέν
430 2062 490 2096 διὰ
516 2061 560 2095 τὸ
587 2060 810 2095 κοινωνικὸν
844 2061 905 2093 καὶ
933 2059 1016 2103 (διὰ
1042 2058 1110 2103 τὸ)
1137 2059 1239 2102 παρὰ
1265 2059 1381 2101 φύσιν
1414 2058 1508 2092 εἶναι
1539 2060 1595 2101 τῷ
1622 2058 1683 2091 λο-

270 2129 363 2171 γικῷ
386 2127 474 2171 Ζῴῳ
498 2126 671 2160 νοθεύειν
699 2126 770 2167 τὴν
795 2124 870 2159 ὑπὸ
897 2126 975 2158 τῶν
998 2124 1127 2165 νόμων
1156 2123 1274 2167 ἑτέρῳ
1298 2123 1682 2165 προκαταληφθεῑσαν

271 2193 430 2232 γυναῖκα
456 2192 516 2226 καὶ
542 2189 709 2233 φθείρειν
735 2189 803 2223 τὸν
829 2189 945 2222 ἄλλου
972 2187 1176 2231 ἀνθρώπου
1203 2187 1325 2221 οἶκον·
1353 2185 1389 2220 οἱ
1415 2186 1455 2220 δὲ
1483 2185 1559 2220 ἀπὸ
1586 2185 1683 2219 Ἐπι-

271 2258 412 2300 κούρου
439 2256 484 2290 οὐ
511 2256 571 2289 διὰ
594 2257 710 2289 τοῦτο
737 2254 782 2288 οὐ
809 2253 1060 2295 μοιχεύουσιν,
1088 2252 1153 2286 ὅτε
1172 2251 1376 2293 ἀπέχονται
1394 2253 1464 2285 τοῦ
1483 2250 1682 2292 μοιχεύειν,
1708 2263 1742 2289 30

272 2320 366 2356 ἀλλὰ
393 2320 452 2354 διὰ
477 2320 523 2354 τὸ
548 2319 784 2361 νενομικέναι
809 2317 918 2359 τέλος
942 2317 1013 2359 τὴν
1039 2316 1193 2359 ἡδονήν,
1220 2316 1341 2350 πολλὰ
1360 2316 1391 2350 δ’
1411 2315 1585 2349 ἀπαντᾶν
1611 2324 1683 2348 κω-

272 2385 402 2421 λυτικὰ
435 2387 504 2428 τῆς
535 2385 677 2427 ἡδονῆς
703 2386 759 2427 τῷ
791 2382 930 2417 εἴξαντι
964 2384 1028 2425 μιᾷ
1060 2383 1107 2424 τῇ
1141 2383 1211 2414 τοῦ
1250 2381 1436 2422 μοιχεύειν
1469 2379 1590 2423 ἡδονῇ
1624 2378 1685 2412 καὶ

396 2555 439 2589 18
465 2558 693 2587 recensentur
720 2551 915 2584 sententiae
943 2548 1088 2592 Epicuri
1122 2548 1138 2592 Η
1171 2547 1216 2580 27
1245 2547 1305 2582 διὰ
1330 2547 1375 2582 τὸ
1402 2547 1579 2591 suppleui.
1607 2557 1685 2579 nam

275 2615 335 2649 διὰ
352 2615 397 2648 τὸ
416 2612 638 2647 κοινωνικόν
667 2610 832 2642 absolute
849 2609 1004 2651 positum
1030 2612 1070 2639 ut
1087 2614 1145 2640 vn
1163 2606 1209 2639 59
1228 2618 1260 2649 p.
1276 2607 1345 2640 382
1370 2609 1440 2640 τοῦ
1459 2607 1685 2640 κοινωνικοῦ

275 2674 414 2715 ἕνεκεν,
440 2678 512 2705 vul
532 2671 578 2703 50
595 2681 629 2712 p.
644 2669 714 2702 422
734 2667 778 2701 al.
814 2667 820 2710 Ι
856 2666 901 2700 29
919 2677 996 2709 sqq.
1023 2665 1186 2698 inlustrat
1213 2665 1383 2698 Horatius
1402 2670 1467 2698 sat.
1486 2672 1500 2697 1
1518 2665 1552 2698 2.
1572 2664 1617 2696 ¹28
1633 2675 1685 2707 sq.

275 2733 320 2765 cf.
350 2733 388 2766 fr.
409 2732 478 2765 440
503 2741 538 2772 p.
558 2728 639 2765 288,
654 2728 699 2760 25
717 2738 794 2769 sqq.
