1842 3250
60 666 123 699 (⁶⁵)

149 227 190 261 fr.
217 226 286 260 39¹1
645 227 852 260 EPICVRI
877 228 1067 260 ETHICA
1491 227 1558 261 271

147 351 223 373 rum
249 339 551 384 philosophorum
578 340 730 373 exsultat
757 342 884 379 oratio,
911 342 1065 384 reperire
1092 342 1223 374 exitum
1248 345 1379 384 potest,
1407 340 1477 373 nisi
1503 340 1562 372 de-

147 405 282 447 rigatur
305 405 351 437 ad
377 404 612 447 uoluptatem,
639 405 806 447 uoluptas
833 410 948 437 autem
976 410 1030 437 est
1058 405 1146 444 sola,
1174 415 1264 448 quae
1292 415 1357 436 nos
1384 410 1492 436 uocet
1517 404 1561 436 ad

148 479 187 502 se
213 474 250 501 et
275 468 411 501 alliciat
439 475 564 512 suapte
599 474 733 508 natura,
773 480 845 502 non
877 475 996 512 potest
1026 480 1105 502 esse
1140 470 1300 507 dubium,
1341 469 1427 511 quin
1452 468 1490 500 id
1517 468 1563 500 sit

148 544 323 566 summum
354 538 461 576 atque
495 538 688 566 extremum
720 534 896 566 bonorum
930 534 1086 567 omnium
1119 534 1295 577 beateque
1321 533 1445 565 uiuere
1471 531 1562 565 nihil

148 597 246 630 aliud
273 599 320 630 sit
347 598 417 630 nisi
445 608 524 631 cum
553 598 738 641 uoluptate
765 599 899 632 uiuere.

195 661 291 693 Huic
324 666 440 694 certae
469 661 664 703 stabilique
698 662 894 694 sententiae
923 672 1013 704 quae
1041 662 1112 694 sint
1137 662 1335 701 coniuncta,
1374 661 1562 704 explicabo

147 725 259 760 breui.
286 725 420 758 Nullus
447 726 482 758 in
510 726 599 769 ipsis
627 737 725 759 error
749 733 803 759 est
827 727 958 760 finibus
982 728 1157 760 bonorum
1184 732 1219 760 et
1241 727 1427 766 malorum,
1453 727 1491 759 id
1509 731 1564 758 est

123 790 184 823 -in
209 789 395 833 uoluptate
421 796 480 822 aut
507 790 543 822 in
569 790 709 829 dolore,
738 792 802 823 sed
828 791 864 823 in
891 792 934 823 iis
961 792 1069 824 rebus
1090 797 1250 835 peccant,
1278 802 1357 823 cum
1384 802 1403 823 e
1430 792 1561 835 quibus

93 929 125 955 to

93 1248 126 1275 15

64 1572 126 1605 (56)

92 1639 124 1663 21

147 854 235 887 haec
262 854 462 887 efficiantur
487 855 666 896 ignorant.

196 919 304 952 animi
336 926 451 952 autem
485 920 686 963 uoluptates
721 925 756 952 et
780 920 928 952 dolores
962 921 1060 953 nasci
1093 921 1244 953 fatemur
1272 931 1290 952 e
1317 921 1476 964 corporis
1503 931 1564 953 uo-

147 983 348 1027 luptatibus
375 988 410 1015 et
436 983 640 1016 doloribus.
692 1008 700 1016 .
720 1008 755 1017 ..
783 995 996 1026 quamquam
1032 990 1148 1017 autem
1186 991 1220 1017 et
1254 985 1424 1017 laetitiam
1458 985 1564 1016 nobis

147 1048 314 1091 uoluptas
347 1047 453 1080 animi
480 1052 515 1080 et
539 1048 741 1080 molestiam
768 1048 875 1081 dolor
899 1049 1046 1087 adserat,
1087 1059 1209 1081 eorum
1237 1053 1352 1081 tamen
1380 1054 1564 1092 utrumque

149 1119 184 1145 et
210 1119 326 1146 ortum
356 1123 435 1145 esse
464 1124 482 1145 e
510 1124 659 1157 corpore
685 1119 720 1146 et
746 1115 791 1145 ad
818 1124 947 1158 corpus
974 1115 1108 1153 referri,

197 1188 262 1209 nec
288 1177 336 1209 ob
363 1187 439 1209 eam
467 1187 606 1209 causam
633 1187 704 1209 non
730 1177 843 1209 multo
870 1179 1021 1210 maiores
1050 1189 1128 1211 esse
1154 1184 1188 1211 et
1213 1179 1418 1222 uoluptates
1445 1184 1480 1211 et
1504 1180 1566 1212 do·

149 1240 246 1274 lores
267 1242 374 1274 animi
394 1252 499 1284 quarn
526 1242 699 1284 corporis.
730 1252 809 1273 nam
835 1252 983 1284 corpore
1011 1242 1102 1274 nihil
1129 1243 1199 1274 nisi
1218 1253 1388 1285 praesens
1414 1249 1449 1275 et
1466 1244 1565 1286 quod

150 1306 251 1339 adest
285 1306 418 1338 sentire
451 1316 654 1349 possumus,
695 1306 811 1338 animo
846 1311 962 1338 autem
997 1312 1031 1338 et
1062 1307 1254 1349 praeterita
1285 1313 1319 1339 et
1351 1307 1478 1340 sutura.
1527 1313 1566 1340 ut

150 1370 244 1403 enim
269 1381 383 1413 aeque
410 1370 608 1409 doleamus,
637 1380 714 1401 cum
741 1381 890 1413 corpore
918 1371 1095 1412 dolemus,
1129 1370 1201 1402 fieri
1230 1376 1346 1404 tamen
1373 1382 1567 1414 permagna

138 1434 309 1467 'accessio
336 1439 466 1477 potest,
507 1435 536 1466 si
564 1434 712 1477 aliquod
739 1439 919 1466 aeternum
948 1440 981 1466 et
1010 1434 1184 1467 infinitum
1211 1435 1407 1478 inpendere
1434 1436 1566 1469 malum

149 1489 256 1532 nobis
291 1499 488 1542 opinemur.
541 1499 640 1541 quod
665 1499 759 1530 idem
792 1498 877 1530 licet
905 1499 1093 1530 transferre
1121 1500 1156 1531 in
1185 1500 1420 1542 uoluptatem,
1459 1506 1497 1532 ut
1525 1511 1566 1532 ea

148 1565 262 1597 maior
287 1564 344 1603 sit,
371 1563 402 1595 si
428 1563 520 1595 nihil
545 1563 617 1595 tale
643 1569 851 1596 metuamus.
877 1564 943 1595 iam
968 1563 1059 1595 illud
1087 1564 1230 1607 quidem
1249 1566 1472 1606 perspicuum
1499 1570 1564 1602 est,

151 1628 258 1660 animi
289 1629 476 1660 maximam
507 1632 566 1659 aut
592 1627 814 1671 uoluptatem
847 1634 906 1659 aut
932 1628 1132 1660 molestiam
1159 1629 1240 1671 plus
1269 1634 1328 1660 aut
1355 1629 1399 1660 ad
1427 1630 1564 1662 beatam

149 1699 210 1726 aut
237 1694 282 1725 ad
307 1693 471 1726 miseram
496 1693 605 1725 uitam
633 1693 771 1724 adferre
806 1694 975 1725 momenti
1010 1704 1114 1735 quam
1149 1703 1270 1726 eorum
1307 1693 1491 1732 utrumuis,
1535 1694 1564 1726 si

151 1768 264 1801 aeque
294 1758 356 1790 diu
384 1758 430 1790 sit
456 1758 493 1790 in
523 1768 684 1800 corpore.

271 1929 400 1972 6—p.
418 1928 500 1973 272,
517 1929 561 1963 12
588 1939 737 1970 magnae
764 1930 929 1962 inscitiae
957 1931 1138 1973 specimen
1165 1929 1222 1962 hic
1241 1930 1315 1962 Cic.
1343 1930 1455 1967 dedit,
1483 1931 1567 1963 dum

151 1990 386 2033 appendicem
412 1989 648 2032 disputationi
676 1989 722 2020 de
753 1988 884 2031 finixbus
918 1989 953 2020 iu
987 1989 1053 2021 illa
1086 1989 1239 2032 epitoma
1273 1989 1435 2021 similiter
1462 1995 1567 2031 atque

150 2049 188 2080 in
214 2047 404 2080 summario
430 2048 568 2080 Laertii
589 2048 696 2088 Diog.
716 2057 741 2080 x
766 2048 831 2081 136
851 2059 902 2090 sq.
931 2047 1152 2080 subiunctam
1181 2048 1343 2091 exprimit
1369 2059 1440 2080 non
1467 2048 1569 2080 intel—

150 2107 266 2140 lectan
283 2132 291 2139 .
329 2111 516 2140 uersantur
543 2108 636 2139 enim
661 2107 749 2139 haec
778 2109 894 2140 omnia
921 2107 957 2139 in
984 2107 1129 2150 Epicuri
1157 2117 1235 2138 cum
1255 2106 1459 2149 Cyrenaicis
1487 2117 1569 2140 con-

151 2167 335 2204 trouersia,
375 2166 413 2198 id
444 2166 542 2208 quod
570 2166 769 2199 Hirzelium
797 2172 936 2199 unters.
963 2173 989 2198 11
1016 2177 1048 2209 p.
1069 2166 1138 2199 675
1156 2177 1232 2208 sqq.
1265 2176 1337 2197 non
1371 2166 1484 2199 latuit.
1535 2171 1569 2198 at

150 2224 256 2257 latuit
281 2225 490 2258 Ciceronem
524 2226 614 2258 adeo
648 2231 687 2258 ut
718 2236 790 2258 non
826 2226 968 2258 uideam
1001 2226 1061 2268 qui
1097 2225 1269 2257 rationem
1306 2225 1569 2267 consiliumque

151 2289 438 2324 argumentorum
470 2284 649 2328 potuisset
681 2295 753 2317 non
786 2295 905 2323 nosse,
949 2285 978 2316 si
1010 2284 1152 2327 plenam
1187 2284 1369 2326 scriptoris
1401 2285 1568 2326 Epicurei

151 2343 429 2386 disputationem
455 2350 536 2376 ante
565 2344 692 2377 oculos
719 2344 915 2376 habuisset.
967 2343 1127 2385 seqnitur
1154 2348 1191 2374 ut
1218 2343 1374 2385 epitoma
1399 2334 1484 2374 usus
1513 2343 1569 2380 sit,

151 2402 187 2434 in
213 2413 282 2445 qua
309 2403 425 2446 capita
451 2404 607 2446 quinque
632 2403 848 2446 Cyrenaicos
876 2403 1149 2446 inpugnantium
1176 2401 1385 2442 grauissima
1413 2401 1570 2433 breuiter

151 2467 190 2492 ut
215 2461 342 2493 scienti
367 2461 526 2494 indicata
552 2467 672 2494 essent
729 2462 734 2504 ι
791 2461 811 2493 7
837 2462 896 2493 uel
924 2462 1036 2504 prima
1062 2461 1239 2492 sententia
1266 2465 1386 2492 contra
1414 2460 1569 2503 Aristip-

151 2529 240 2562 peos
258 2520 418 2559 uertitur,
446 2521 490 2553 cs.
509 2521 627 2553 Laert.
646 2520 755 2561 Diog.
776 2528 801 2552 11
820 2520 866 2553 39
895 2520 1079 2553 δύνασθαι
1107 2519 1147 2553 δέ
1174 2527 1268 2561 φασι
1297 2519 1355 2551 καὶ
1383 2519 1452 2560 τὴν
1479 2518 1567 2559 ἡδο-

151 2576 222 2620 νήν
247 2588 352 2619 τινας
378 2579 428 2620 μὴ
456 2578 642 2622 αἱρεῖσθαι
667 2579 763 2612 κατὰ
791 2578 1028 2622 διαστροφήν
1078 2577 1084 2622 1
1141 2579 1184 2610 10
1210 2578 1255 2610 de
1283 2578 1440 2609 secundo
1468 2588 1567 2619 argu-

151 2641 272 2670 mento
291 2638 334 2669 cs.
355 2637 396 2669 fr.
410 2638 479 2671 451
520 2638 526 2681 Ι
568 2639 611 2671 14
629 2639 771 2670 tertium
791 2644 1046 2679 argumentum,
1072 2638 1192 2679 quode
1211 2637 1254 2668 cf.
1275 2637 1315 2667 fr.
1333 2637 1414 2674 452,
1443 2636 1568 2668 Cicero

151 2696 272 2738 inepte
292 2707 371 2728 cum
389 2697 549 2729 secundo
567 2698 749 2740 copulauit
784 2698 788 2738 Ι
827 2698 869 2731 17
888 2707 1003 2739 aeque
1023 2698 1208 2727 doleamus
1226 2697 1346 2727 animo
1367 2705 1446 2727 cum
1465 2695 1567 2727 libri:

153 2753 334 2795 glossema
358 2754 494 2788 detexit
521 2756 728 2798 Maduigius

1608 666 1667 691 ,Π
