1842 3250
149 229 190 261 fr*
216 227 284 262 247
604 228 810 260 EPICVRI
842 228 1103 260 CANONICA
1495 227 1559 261 181

149 347 218 387 τῆς
244 344 479 388 διαστρόφου
505 345 639 380 λοιπὸν
668 345 747 379 ἔστι
775 345 885 387 δόξης
911 344 1065 388 οἴεσθαι,
1099 344 1157 379 ὅτι
1183 345 1227 379 τὸ
1256 345 1350 380 αὐτὸ
1377 345 1424 388 ἦν
1450 345 1495 379 τό
1522 355 1564 378 τε

19 410 22 453 ξ
45 415 124 449 (210)
149 409 191 443 ἐκ
214 411 284 443 τοῦ
312 409 496 451 σύνεγγυς
523 410 646 443 καὶτὸ
665 410 864 453 πόρρωθεν
884 410 1152 453 θεωρούμενον
1171 410 1406 452 φανταστόν.
1434 409 1564 452 αἰσθή-

148 482 244 515 σεως
277 474 318 509 δὲ
349 474 446 509 ἴδιον
479 475 624 518 ὑπῆρχε
656 478 726 509 τοῦ
759 476 950 518 παρόντος
981 476 1099 515 μόνον
1125 476 1186 509 καὶ
1212 478 1412 516 κινοῦντος
1445 474 1565 516 αὐτὴν

148 538 486 581 ἀντιλαμβάνεσθαι
520 537 603 572 οἷον
636 539 845 582 χρώματος,
885 539 968 581 οὐχὶ
998 539 1037 572 δὲ
1069 539 1114 573 τὸ
1145 538 1350 582 διακρίνειν
1382 540 1440 573 ὅτι
1473 539 1565 573 ἄλλο

106 612 122 638 5
148 603 214 645 μέν
235 603 313 637 ἐστι
340 603 386 638 τὸ
410 603 543 637 ἐνθάδε
571 604 661 638 ἄλλο
688 604 729 638 δὲ
755 603 801 637 τὸ
828 603 962 638 ἐνθάδε
978 603 1244 645 ὑποκείμενον,
1274 604 1331 638 διό
1350 614 1421 646 περ
1440 602 1478 637 αἱ
1497 604 1564 645 μὲν

147 666 353 710 φαντασίαι
380 667 440 702 διὰ
468 670 589 702 ταῦτα
616 667 732 702 πᾶσαί
758 667 851 703 εἰσιν
879 668 1046 711 ἀληθεῖς·
1077 668 1137 710 (αἱ
1164 669 1203 703 δὲ
1232 669 1357 715 δόξαι
1384 667 1429 702 οὐ
1448 669 1566 702 πᾶσαι

148 732 245 774 ἦσαν
264 731 449 777 ἀληθεῖς)τ
476 732 555 768 ἀλλ’
574 733 675 776 εἶχόν
702 744 785 767 τινα
814 733 1012 776 διαφοράν.
1040 734 1192 769 τούτων
1210 734 1282 777 γὰρ
1310 733 1347 768 αἱ
1373 734 1440 775 μὲν
1467 733 1565 774 ἦσαν

148 796 297 840 ἀληθεῖς
323 796 360 831 αἱ
388 797 428 831 δὲ
452 797 614 839 ψευδεῖς,
644 797 724 831 ἐπεί
750 808 821 841 περ
848 797 986 841 κρίσεις
1012 800 1240 833 καθεστᾶσιν
1270 799 1378 840 ἡμῶν
1401 797 1461 832 ἐπὶ
1485 800 1566 838 ταῖς

102 909 106 910 ⁷
147 860 382 904 φαντασίαις,
410 860 586 905 κρίνομεν
613 862 654 896 δὲ
680 862 727 895 τὰ
755 862 821 904 μὲν
848 862 981 905 ὀρθῶς,
1009 863 1056 896 τὰ
1081 863 1121 897 δὲ
1141 865 1342 906 μοχθηρῶς
1359 863 1444 905 ἦτοι
1463 862 1565 905 παρὰ

91 934 123 956 10
147 925 191 959 τὸ
210 926 454 969 προστιθέναι
479 936 514 960 τι
541 927 602 960 καὶ
629 927 855 969 προσνέμειν
874 931 955 968 ταῖς
973 927 1200 970 φαντασίαις
1221 928 1243 969 ἢ
1269 928 1371 971 παρὰ
1390 927 1435 961 τὸ
1455 926 1564 969 ἀφαι·

148 993 224 1033 ρεῑν
251 1001 287 1024 τι
313 990 464 1024 τούτων
491 990 552 1023 καὶ
578 991 714 1030 κοινῶς
741 991 1047 1032 καταψεύδεσθαι
1075 994 1142 1031 τῆς
1170 991 1311 1031 ἀλόγου
1342 989 1565 1033 αἰσθήσεως.

23 1059 124 1098 ζίῖῑὶ)
148 1055 290 1090 οὐκοῦν
316 1057 394 1089 τῶν
427 1055 549 1089 δοξῶν
581 1055 676 1089 κατὰ
708 1055 777 1089 τὸν
802 1055 1022 1098 Ἐπίκουρον
1056 1056 1093 1090 αἱ
1126 1058 1193 1097 μὲν
1226 1055 1377 1099 ἀληθεῖς
1408 1056 1501 1090 εἰσιν
1529 1055 1566 1089 αἱ

148 1121 188 1154 δὲ
213 1120 375 1162 ψευδεῖς,
404 1119 554 1162 ἀληθεῖς
581 1120 647 1160 μὲν
675 1120 714 1154 αἵ
739 1130 781 1154 τε
809 1121 1176 1164 ἐπιμαρτυρούμεναι
1204 1122 1264 1156 καί
1292 1121 1361 1155 οὐκ
1389 1121 1566 1164 ἀντιμειρ-

144 1186 373 1228 τυρούμεναι
405 1185 500 1228 πρὸς
529 1186 598 1227 τῆς
631 1185 837 1228 ἐναργείας,
877 1185 1029 1227 ψευδεῖς
1059 1186 1099 1220 δέ
1129 1186 1167 1221 αἵ
1194 1197 1235 1221 τε
1268 1186 1565 1229 ἀντιμαρτυρού-

25 1254 120 1287 4212)
145 1260 252 1293 μεναι
291 1251 351 1284 καὶ
391 1250 460 1284 οὐκ
499 1249 865 1292 ἐπιμαρτυρούμεναι
906 1250 999 1292 πρὸς
1033 1253 1101 1292 τῆς
1138 1249 1342 1293 ἐναργείας.
1402 1251 1481 1284 ἔστι
1523 1250 1564 1284 δὲ

18 1314 27 1349 1
90 1324 121 1349 16
146 1315 515 1358 ἐπιμαρτύρησις
541 1315 608 1356 μὲν
636 1315 847 1356 κατάληψις
874 1314 920 1348 δι’
941 1314 1140 1358 ἐναργείας,
1161 1318 1230 1349 τοῦ
1250 1315 1294 1348 τὸ
1314 1315 1566 1356 δοέαῑόμενον

26 1366 27 1370 ¹
144 1382 322 1414 τοιοῦτον
356 1380 450 1414 εἶναι
484 1380 619 1413 ὁποῖόν
646 1390 740 1413 ποτε
774 1379 983 1421 ἐδοξάζετο,
1025 1378 1107 1414 οἷον
1134 1379 1345 1420 Πλάτωνος
1378 1379 1566 1423 μακρόθεν

144 1444 372 1488 προσιόντος
391 1443 526 1478 εἰκάζω
555 1444 620 1485 μὲν
651 1444 711 1478 καὶ
738 1443 882 1478 δοξάζω
910 1444 1012 1487 παρὰ
1040 1444 1085 1478 τὸ
1115 1444 1303 1487 διάστημα
1322 1445 1380 1478 ὅτι
1399 1444 1565 1479 Πλάτων

145 1508 235 1551 ἐστί,
276 1507 615 1551 προσπελάσαντος
648 1508 688 1542 δέ
722 1507 841 1542 αὐτοῦ
873 1507 1218 1551 προσεμαρτυρήθη
1251 1509 1310 1542 ὅτι
1342 1509 1362 1542 ὁ
1397 1507 1563 1543 Πλάτων

29 1577 33 1583 ·
88 1580 121 1605 20
146 1573 238 1616 ἐστί,
265 1572 556 1617 συναιρεθέντος
582 1576 651 1607 τοῦ
679 1571 945 1614 διαστήματος,
974 1574 1034 1607 καί
1062 1573 1354 1617 ἐπεμαρτυρήθη
1382 1573 1428 1606 δι’
1448 1573 1566 1615 αὐτῆς

30 1644 121 1678 ¹(213)
143 1641 211 1680 τῆς
230 1637 434 1682 ἐναργείας.
463 1638 545 1672 οὐκ
567 1637 960 1681 ἀντιμαρτύρησις
979 1639 1019 1672 δὲ
1040 1638 1142 1672 ἐστὶν
1162 1637 1367 1673 ἀκολουθία
1385 1641 1455 1672 τοῦ
1473 1638 1566 1672 ὑπο-

19 1695 22 1707 ³
144 1703 351 1745 σταθέντος
378 1705 438 1738 καί
466 1703 716 1744 δοξασθέντος
743 1703 886 1746 ἀδήλου
913 1706 968 1747 τῷ
996 1704 1227 1748 φαινομένῳ,
1256 1702 1338 1737 οἷον
1358 1704 1379 1737 ὀ
1398 1702 1566 1737 Ἐπίκου-

143 1778 210 1812 ρος
234 1767 356 1810 λέγων
383 1768 478 1803 εἶναι
504 1768 627 1810 κενόν,
655 1768 676 1802 ὅ
694 1768 766 1811 πέρ
785 1768 888 1802 ἐστιν
909 1768 1061 1810 ἄδηλον,
1090 1770 1291 1802 πιστοῦται
1315 1768 1361 1801 δι’
1382 1768 1568 1810 ἐναργοῦς

143 1831 367 1876 πράγματος
384 1835 512 1875 τοῦτο,
540 1834 608 1875 τῆς
627 1832 828 1876 κινήσεως·
856 1833 905 1875 μὴ
925 1833 1035 1873 ὄντος
1065 1832 1138 1876 γὰρ
1165 1835 1278 1867 κενοῦ
1306 1832 1396 1867 οὐδὲ
1422 1831 1567 1875 κίνησις

266 1992 288 2025 6
314 1992 452 2024 hiatum
480 1991 651 2035 suppleui
697 1992 703 2031 Ι
751 1992 770 2023 ‘1‘
799 1992 844 2024 cf.
870 1992 989 2024 Laert.
1014 1991 1122 2032 Diog.
1149 1999 1175 2023 x
1202 1991 1248 2024 33
1267 2002 1318 2034 sq.
1346 1992 1407 2026 καὶ
1432 1992 1478 2025 τὸ
1504 1992 1565 2026 δο-

144 2051 282 2086 ξαστὸν
307 2050 384 2085 ἀπὸ
410 2050 600 2094 προτέρου
626 2050 728 2091 τινὸς
754 2047 938 2093 ἐναργοῦς
966 2050 1138 2092 ἤρτηται,
1169 2049 1230 2092 ἐφ’
1258 2049 1279 2084 ὃ
1306 2050 1567 2095 ἀναφέροντες

142 2109 313 2153 λέγομεν,
341 2107 423 2145 οἷον
450 2108 579 2145 Πόθεν
602 2107 712 2152 ἴσμεν
739 2108 771 2144 εἰ
796 2109 914 2143 τοῦτό
942 2109 1045 2143 ἑστιν
1073 2109 1292 2152 ἄνθρωπος
1335 2109 1407 2151 τὴν
1433 2109 1475 2143 δὲ
1502 2110 1564 2144 δό-

143 2170 210 2205 ξαν
234 2169 296 2204 καί
321 2168 515 2211 ὑπόληψιν
539 2168 727 2212 λέγουσιν,
766 2168 888 2211 ἀληθῆ
915 2168 957 2202 τέ
984 2177 1079 2210 φασι
1106 2170 1168 2202 καὶ
1195 2169 1320 2211 ψευδῆ
1345 2169 1565 2212 τυγχάνειν·

144 2227 191 2263 ἂν
210 2228 277 2270 μὲν
294 2227 367 2271 γὰρ
392 2227 690 2271 ἐπιμαρτυρῆται
715 2228 739 2270 ἢ
766 2229 816 2270 μὴ
844 2227 1177 2271 ἀντιμαρτυρῆται,
1206 2227 1328 2270 ἀληθῆ
1356 2228 1470 2263 εἶναι·
1499 2228 1566 2263 ἐὰν

143 2287 185 2322 δὲ
217 2286 268 2330 μὴ
303 2286 602 2330 ἐπιμαρτυρῆται
629 2287 652 2329 ἢ
680 2287 1013 2330 ἀντιμαρτυρῆται,
1050 2288 1175 2329 ψευδῆ
1209 2287 1423 2330 τυγχάνειν.
1475 2287 1565 2322 ὅθεν

145 2343 236 2391 (τὸ)
262 2345 480 2389 προσμένον
513 2345 682 2390 εἰσήχθη,
723 2344 806 2380 οἷον
831 2347 876 2380 τὸ
904 2349 1128 2389 προσμεῖναι
1161 2347 1221 2380 καὶ
1249 2347 1362 2389 ἐγγὺς
1387 2347 1564 2388 γενέσθαι

142 2407 198 2443 τῶ
224 2405 360 2450 πύργῳ
385 2405 448 2439 καὶ
473 2405 604 2447 μαθεῖν
631 2405 764 2446 ὁποῖος
792 2405 906 2446 ἐγγὺς
932 2404 1108 2447 φαίνεται
1168 2407 1173 2448 Ι
1242 2406 1283 2439 13
1309 2406 1456 2450 Epicuri
1487 2417 1564 2438 sen-

144 2464 290 2497 tentiam
315 2474 409 2497 nunc
427 2474 512 2497 szne
531 2465 755 2497 obscuratam
782 2465 842 2506 (ef.
858 2465 979 2497 Ritter
993 2466 1121 2506 gesch.
1142 2467 1174 2498 d.
1188 2467 1325 2508 philos.
1345 2465 1408 2498 111²
1426 2477 1461 2508 p.
1478 2464 1565 2508 486)

144 2522 250 2556 facile
275 2523 442 2556 restituas
466 2523 602 2556 inserto
629 2524 780 2556 articulo
807 2523 844 2557 αἱ
861 2529 943 2567 post
961 2525 1022 2557 καὶ
1050 2530 1085 2555 et
1113 2524 1170 2556 hic
1197 2529 1232 2556 et
1258 2535 1292 2557 u.
1313 2525 1369 2564 15,
1398 2525 1462 2556 sed
1480 2524 1563 2556 Sex·

143 2587 217 2614 tum
248 2581 499 2624 neglegentius
531 2583 662 2616 referre
689 2589 829 2616 constat
854 2584 948 2616 conl.
977 2581 1084 2629 §.216
1147 2583 1154 2626 Ι
1218 2583 1264 2617 15
1289 2584 1332 2616 cf.
1356 2583 1452 2616 Plut.
1482 2583 1562 2616 adu.

142 2641 296 2674 Coloten
322 2641 368 2674 25
393 2652 429 2684 p.
451 2642 560 2676 11210
586 2642 684 2676 καθά
709 2652 780 2686 περ
808 2641 852 2683 ἃς
878 2642 1054 2683 λέγουσιν
1082 2642 1475 2685 ἐπιμαρτυρήσεις
1502 2643 1563 2676 καὶ

143 2697 562 2743 ἀντιμαρτυρήσεις
587 2701 702 2735 οὐθέν
728 2701 799 2736 εἰσι
828 2701 923 2744 πρὸς
949 2702 1020 2744 τὴν
1047 2701 1223 2745 αἴσθησιν
1251 2701 1344 2737 ἀλλὰ
1372 2701 1467 2745 πρὸς
1491 2701 1563 2744 τὴν

143 2757 255 2793 δόξαν
282 2763 317 2790 et
343 2759 422 2793 adn.
451 2760 492 2792 ad
521 2771 554 2792 u.
575 2760 594 2793 7
641 2760 648 2804 ί
698 2760 743 2793 23
771 2761 814 2794 cf.
842 2762 884 2794 fr.
903 2761 973 2795 272

48 3199 77 3250 11³&
