1846 3288
499 765 884 814 CERTORVM
922 763 1281 812 LIBRORVM

722 865 1048 914 VESTIGIA

537 1098 555 1130 Ι
594 1096 699 1132 ΠΕΡΙ
729 1095 945 1131 ΑΙΡΕΣΕΩΝ
974 1094 1042 1129 ΚΑΙ
1071 1093 1226 1128 ΦΥΓΩΝ

597 1179 714 1211 Laert.
742 1185 766 1208 x
796 1177 842 1210 27
869 1187 976 1220 supra
1002 1188 1036 1220 p.
1056 1177 1112 1215 85,
1131 1177 1177 1208 20

297 1258 490 1293 LAnn'rlvs
517 1259 716 1293 mom-:mes
743 1266 766 1290 x
800 1259 867 1292 136
914 1259 1133 1301 διαφέρεται
1166 1258 1206 1291 δὲ
1239 1257 1334 1300 πρὸς
1364 1257 1454 1296 τοὺς
1480 1255 1597 1299 Κυρη-

175 1325 330 1365 ναϊκοὺς
361 1325 446 1368 περὶ
478 1325 548 1366 τῆς
579 1324 731 1366 ἡδονῆς.
786 1322 822 1357 οἱ
855 1323 921 1364 μὲν
954 1323 1026 1365 γὰρ
1058 1322 1129 1364 τὴν
1166 1320 1502 1363 καταστηματικὴν
1529 1321 1599 1355 οὐκ

137 1401 152 1426 5
176 1389 403 1433 ἐγκρίνουσι,
445 1389 565 1432 μόνην
599 1389 638 1423 δὲ
669 1389 740 1431 τὴν
774 1388 814 1422 ἐν
846 1386 1005 1429 κινήσει·
1050 1388 1069 1421 ὁ
1103 1387 1142 1420 δὲ
1179 1386 1378 1428 ἀμφότερα
1409 1400 1445 1414 υ
1475 1386 1598 1427 ψυχῆς

176 1455 237 1489 καὶ
270 1454 458 1496 σώματος,
501 1454 553 1495 ὥς
585 1462 704 1497 φησιν
732 1453 772 1487 ἑν
799 1455 853 1496 τῷ
880 1451 975 1495 Περὶ
1001 1451 1182 1495 αἱρέσεως
1214 1452 1274 1484 καὶ
1306 1452 1431 1493 φυγῆς
1464 1450 1524 1483 καὶ
1558 1449 1598 1482 ἐν

175 1522 231 1563 τῷ
248 1518 344 1562 Περὶ
368 1519 503 1560 τέλους
528 1519 588 1553 καί
616 1518 655 1553 ἐν
684 1519 707 1552 ἃ
729 1516 824 1561 Περὶ
852 1516 942 1559 βίων
969 1517 1028 1550 καὶ
1056 1517 1095 1550 ἐν
1122 1519 1169 1559 τῇ
1197 1515 1290 1558 πρὸς
1315 1515 1405 1555 τοὺς
1424 1513 1463 1548 ἑν
1481 1512 1598 1547 Μυτι-

177 1583 273 1628 λήνῃ
301 1583 541 1626 φιλοσόφους
567 1584 759 1627 ἐπιστολῇ.

290 1665 316 1717 ἡ
349 1666 428 1716 μὲν
459 1665 542 1717 γὰρ
574 1664 784 1716 ἀταραξία
823 1664 892 1705 καὶ
923 1661 1005 1717 <ἡ>
1037 1661 1196 1704 ἀπονία
1232 1660 1599 1712 καταστηματικαί

121 1759 154 1784 ιο
179 1738 289 1781 εἰσιν
325 1738 498 1789 ἡδοναί·
549 1738 574 1789 ἡ
608 1739 656 1780 δὲ
687 1738 800 1789 χαρὰ
840 1736 910 1778 καὶ
939 1736 964 1786 ἡ
998 1735 1253 1787 εὐφροσύνη
1293 1734 1402 1775 κατὰ
1432 1733 1600 1783 κίνησιν

178 1811 374 1865 ἐνεργείᾳ
406 1811 649 1863 βλέπονται.

176 1883 371 1918 LAmmvs
390 1883 500 1918 D10G.
527 1892 554 1917 x
581 1884 646 1918 136
673 1885 693 1918 ὁ
721 1884 752 1917 δ’
772 1882 990 1926 Ἐπίκουρος
1017 1881 1056 1917 ἐν
1083 1884 1139 1926 τῷ
1165 1880 1260 1924 Περὶ
1286 1879 1470 1923 αἱρέσεων
1497 1877 1601 1911 οὕτω

177 1948 293 1990 λέγει·
336 1949 360 1992 ἡ
388 1949 467 1991 μὲν
605 1948 863 1991 βλέπονται.

299 2080 393 2114 4-5
426 2081 471 2114 cf.
498 2081 626 2113 Cicero
655 2080 699 2113 de
726 2080 784 2113 fin.
812 2087 841 2112 Π
871 2080 903 2119 5,
926 2079 968 2112 16
1012 2078 1253 2120 ‘uoluptatem
1279 2099 1315 2110 ..
1336 2101 1344 2109 .
1372 2086 1462 2118 quae
1490 2075 1536 2107 sit
1563 2076 1599 2107 in

177 2145 292 2172 motu:
322 2140 372 2172 sic
391 2140 484 2172 enim
504 2139 664 2183 appellat
686 2140 777 2171 hanc
797 2139 939 2171 dulcem
965 2138 1029 2170 “in
1048 2142 1146 2170 motu
1156 2136 1186 2175 ''‚
1212 2136 1312 2168 illam
1331 2135 1423 2167 nihil
1443 2134 1600 2166 dolentis

177 2198 241 2231 “in
268 2198 519 2233 stabilitate”'.
564 2200 619 2238 10,
641 2199 683 2232 31
713 2198 805 2231 ‘utra
832 2198 1031 2241 uoluptate,
1059 2201 1175 2229 stante
1202 2206 1245 2227 an
1271 2194 1462 2227 mouente?
1490 2204 1600 2237 quon-

178 2259 260 2297 iam,
293 2259 322 2290 si
349 2257 405 2290 dis
431 2258 563 2301 placet,
597 2258 642 2290 ab
673 2258 829 2300 Epicuro
857 2256 960 2300 loqui
987 2256 1158 2288 discimus
1172 2255 1191 2287 ².
1243 2253 1300 2292 23,
1320 2254 1365 2287 75
1391 2254 1480 2285 ‘tum
1507 2253 1601 2285 enim

179 2327 256 2350 eam
281 2318 396 2360 ipsam
422 2317 478 2350 uis
505 2316 758 2360 (uoluptatem)
793 2342 799 2349 .
821 2341 828 2349 .
850 2341 857 2350 .
890 2321 926 2348 et
952 2325 1082 2348 nomen
1108 2315 1263 2357 inponis,
1302 2313 1339 2345 in
1365 2317 1463 2344 motu
1491 2316 1528 2344 ut
1555 2312 1601 2344 sit

180 2382 215 2408 et
240 2376 346 2408 faciat
374 2376 528 2419 aliquam
555 2376 763 2408 uan‘etatem
781 2372 1072 2419 [ποικίλλουσα],
1096 2379 1170 2406 tum
1190 2372 1294 2404 aliam
1312 2372 1490 2414 quandam
1509 2381 1600 2403 sum-

179 2445 269 2467 mam
286 2435 521 2478 uoluptatem,
547 2445 618 2478 quo
639 2434 723 2466 addi
742 2434 832 2466 nihil
859 2434 992 2477 possit:
1020 2443 1095 2464 eam
1122 2437 1196 2464 tum
1224 2432 1363 2468 adesse,
1389 2440 1466 2462 eum
1493 2429 1601 2461 dolor

178 2494 294 2526 omnis
320 2494 432 2526 absit:
466 2503 543 2525 eam
568 2492 735 2525 stabilem
763 2492 944 2536 appellas'
970 2491 1063 2523 adde
1093 2490 1146 2528 10,
1166 2490 1222 2523 30.
1250 2490 1308 2528 23,
1327 2489 1372 2521 77
1425 2488 1431 2531 Ι
1482 2490 1508 2520 4
1532 2489 1601 2529 τῆς

179 2563 236 2585 om
254 2553 285 2584 F
324 2552 330 2595 Ι
369 2553 390 2586 5
417 2552 639 2596 ἀμφοτέραν
666 2552 706 2586 F.
746 2556 780 2584 at
807 2552 879 2584 duo
905 2551 1004 2594 paria
1030 2549 1261 2583 memoranda
1287 2554 1396 2586 erant,
1435 2552 1469 2580 et
1493 2548 1600 2579 inter·

179 2611 266 2643 cidit
294 2612 629 2654 καταστηματικὴν
653 2611 714 2645 καὶ
740 2609 935 2653 κινητικήν
983 2610 988 2651 Ι
1035 2609 1057 2642 6
1084 2608 1268 2652 αἱρέσεων
1294 2608 1332 2639 Η
1380 2606 1385 2649 1
1433 2606 1453 2638 7
1481 2604 1518 2649 ἅ]
1543 2606 1599 2639 τῶ

178 2670 228 2702 Ff
248 2672 304 2713 τῷ
331 2670 473 2714 πρώτῳ
501 2670 610 2711 uolgo
653 2669 668 2713 ΙΙ
707 2671 729 2704 9
756 2669 829 2712 γὰρ
856 2679 913 2701 om
940 2670 969 2700 F
998 2669 1002 2710 ι
1032 2668 1054 2710 ή
1080 2668 1213 2699 inserui
1260 2667 1266 2707 1
1317 2667 1359 2699 10
1385 2665 1446 2699 καὶ
1471 2662 1511 2708 ἠ]
1538 2664 1600 2698 καὶ

179 2729 229 2761 Ff
279 2730 284 2771 ᾖ
343 2731 381 2762 11
412 2728 596 2773 ἑνεργείαι
623 2729 653 2760 F
692 2726 868 2771 ἐναργείᾳ
897 2728 1057 2760 HRitter
1089 2726 1172 2759 hist.
1206 2725 1338 2770 philos.
1366 2732 1412 2757 111
1436 2735 1469 2768 p.
1491 2722 1562 2756 469
1592 2720 1597 2767 Ι

183 2787 226 2821 12
254 2787 294 2823 ἐν
320 2791 375 2833 τῷ
404 2798 442 2822 π.
471 2788 543 2832 αἱρ.
574 2799 632 2821 om
658 2788 688 2820 F
709 2790 715 2830 Ι
737 2786 919 2831 αἱρέσεως
944 2787 975 2829 Q
