1846 3288
506 199 572 232 DE
598 200 843 233 SENTENTJ
849 199 891 232 IS
916 198 1121 233 EPICVRI
1476 198 1526 232 Ll

222 313 302 352 hoc
339 314 459 363 igitur
496 315 688 352 uolumen
728 313 1032 364 Comparettius
1069 314 1191 363 ipsius
1228 313 1391 364 Epicuri
1429 327 1521 352 esse

109 380 315 419 existimat
343 387 587 431 partemque
619 381 707 418 libri
737 379 846 430 Περὶ
877 379 1090 431 αἱρέσεων
1122 379 1191 420 καὶ
1221 380 1399 431 φυγῶν1
1427 394 1522 420 con·

107 449 251 499 tinere,
296 461 348 485 eo
379 449 553 486 maxime
585 447 854 497 argument02
886 449 997 486 nisus
1034 449 1147 499 quod
1185 449 1355 498 scriptor
1385 462 1421 487 e.
1455 456 1520 489 XV

107 511 163 565 (u.
196 514 299 552 infra
328 527 368 564 p.
392 515 464 565 68)
496 515 660 564 Epicuri
697 513 852 564 Κυρίας
892 513 1023 564 δόξας
1055 517 1114 553 sic
1144 522 1342 553 memoret
1373 522 1416 553 ut
1450 517 1520 566 qui

107 582 287 620 rationes
319 594 460 620 eorum
482 584 633 620 reddat
655 595 761 632 quae
794 584 881 632 ipse
913 584 990 621 illic
1021 584 1226 634 scripserit
1238 580 1265 624 3.
1304 584 1519 622 uideamus

106 661 192 700 quo
223 651 311 687 iure
340 651 398 688 ita
430 650 596 688 iudicet.
645 650 745 687 illius
777 651 953 700 paginae
982 651 1185 703 sententia
1218 657 1293 698 est,
1326 651 1380 688 ad
1411 663 1523 688 asse·

112 717 322 766 quendum
343 718 465 754 finem
490 717 692 754 bonorum
720 718 907 755 conferre
930 719 1084 767 aliquid
1115 718 1239 756 etiam
1263 724 1521 755 externorum

110 789 151 820 et
182 784 484 833 particularium
527 784 728 821 bonorum
765 785 990 830 scientiam,
1023 786 1098 822 sed
1128 785 1392 834 perexiguum
1424 797 1522 834 prae

110 852 341 901 praeceptis
362 852 621 901 grauissimis,
658 853 710 889 de
732 852 878 901 quibus
909 860 1006 891 antc-
1038 853 1193 890 dictum
1227 854 1277 889 sit
1309 849 1437 901 (ἀλλὰ
1463 863 1524 901 μὶ·

106 916 211 967 κρὸν
242 917 304 968 ὼς
336 915 448 967 πρὸς
480 917 532 957 τὰ
562 916 816 969 κυριώτατα,
847 918 941 968 περὶ
973 916 1035 958 ὧν
1066 917 1410 968 ὑπεμνήσαμεν);
1442 921 1521 957 iam

106 985 286 1034 sequitur
317 986 357 1022 in
388 998 471 1035 quo
502 987 691 1035 quaestio
722 987 864 1024 haeret
897 988 1155 1024 enuntiatum
1187 984 1265 1036 ἀφ’
1296 983 1349 1036 ’ἧς
1378 985 1517 1037 αἰτίας

107 1048 187 1092 κάν
226 1051 321 1101 ταῖς
355 1050 525 1102 Κυρίαις
575 1051 720 1101 δόξαις
763 1052 958 1093 τέτακται
997 1053 1149 1102 πρῶτα
1186 1054 1224 1093 h.
1258 1067 1290 1093 e.
1324 1055 1518 1104 quoniam

104 1120 251 1157 ceterIS
295 1121 416 1169 longe
457 1120 641 1170 grauiora
683 1121 774 1168 sint,
821 1133 870 1157 ea
911 1133 1058 1159 caussa
1101 1122 1222 1158 etiam
1254 1123 1427 1171 primum
1458 1122 1516 1159 eis

106 1186 212 1223 inter
242 1187 469 1224 sententias
502 1188 679 1224 selectas
702 1188 836 1224 locum
868 1189 1132 1237 adsignatum
1164 1200 1267 1225 esse.
1318 1186 1517 1228 τέτακται

107 1252 248 1302 inquit,
278 1265 363 1290 non
383 1250 492 1302 ἡμῖν,
524 1255 676 1292 nedum
700 1252 951 1304 τετάχαμεν.
994 1256 1116 1303 igitur
1137 1267 1189 1291 ne
1221 1256 1321 1292 illud
1352 1256 1518 1304 quidem

105 1319 185 1356 ullo
228 1320 383 1358 indicio
424 1321 686 1370 significatur,
728 1323 906 1359 eundem
942 1324 1011 1371 qui
1040 1321 1121 1359 hoc
1153 1322 1285 1360 libello
1318 1323 1370 1358 de
1401 1335 1519 1372 prae-

106 1388 234 1436 ceptis
253 1388 501 1437 grauissimis
524 1389 700 1427 breuiter
722 1390 866 1427 dixerit
889 1387 1242 1439 (ὑπεμνήσαμεν),
1273 1391 1397 1427 etiam
1420 1390 1516 1428 Sen-

105 1456 257 1493 tentias
288 1457 587 1505 perscripsisse.
649 1464 691 1494 at
727 1457 841 1494 nouit
873 1459 1047 1506 scriptor
1078 1457 1150 1494 has
1182 1458 1412 1495 sententias
1443 1470 1518 1495 no—

102 1523 245 1572 uitque
276 1525 524 1562 auctoritate
556 1525 757 1564 fiorentes.
819 1525 1144 1563 demonstratum
1180 1525 1301 1574 igitur
1333 1532 1394 1563 est
1425 1531 1515 1562 tan-

100 1596 185 1629 tum
213 1591 362 1629 abesse
385 1597 429 1629 ut
451 1593 645 1630 uolumen
669 1593 767 1629 illud
788 1592 988 1642 Epicurus
1015 1594 1102 1642 ipse
1131 1594 1310 1641 potuerit
1331 1594 1516 1641 scribere,

100 1665 146 1697 ut
176 1659 350 1709 scriptor
371 1660 495 1697 etiam
519 1661 585 1697 illo
607 1667 813 1699 sectatore
844 1661 911 1711 qui
943 1661 1015 1699 has
1037 1661 1272 1698 sententias
1305 1668 1388 1698 tam
1410 1663 1516 1700 malo

101 1727 267 1765 delectu
300 1739 423 1777 quam
456 1728 600 1765 ordine
631 1729 862 1778 conposuit,
904 1729 1110 1779 aliquanto
1154 1729 1355 1766 recentior
1386 1729 1517 1768 fuerit.

223 1859 240 1893 1
278 1859 538 1903 Comparettius
570 1861 667 1903 quod
700 1860 734 1892 in
768 1860 878 1892 altera
905 1861 1060 1892 editione
1092 1871 1125 1903 p.
1148 1859 1193 1893 70
1228 1860 1312 1892 dicit
1338 1860 1516 1892 Laertium

95 1917 203 1959 Diog.
241 1918 368 1951 librum
395 1929 432 1952 π.
461 1918 644 1963 αἱρέσεων
669 1920 730 1953 καὶ
759 1922 893 1962 φυγῶν
919 1920 1011 1951 inter
1029 1918 1162 1951 ethices
1176 1920 1372 1962 Epicureae
1400 1920 1515 1951 fontes

97 1977 314 2021 principales
347 1988 417 2011 una
451 1989 530 2011 cum
564 1979 668 2011 libris
694 1989 733 2013 π.
760 1979 903 2020 τέλους,
937 1989 975 2012 π.
1007 1977 1108 2020 βίων,
1137 1978 1295 2021 epistulis
1323 1989 1515 2017 recensere,

95 2047 165 2070 non
190 2042 285 2070 recte
315 2037 380 2070 ine
405 2038 522 2071 locum
541 2038 670 2071 Laertii
688 2048 714 2072 x
734 2039 779 2072 30
806 2040 854 2082 (p.
874 2038 954 2076 370,
977 2038 1036 2080 19)
1064 2048 1140 2070 cum
1168 2038 1280 2071 altero
1310 2038 1377 2072 136
1402 2038 1458 2082 (fr.
1481 2038 1517 2082 1)

94 2094 293 2129 confundit.

220 2153 243 2188 2
267 2154 412 2187 unicum
438 2162 681 2197 argumentum
710 2157 808 2199 potui
830 2157 958 2189 dicere.
998 2167 1074 2188 nam
1097 2156 1235 2198 reliqua
1254 2162 1313 2188 aut
1331 2155 1419 2188 nihil
1437 2166 1516 2199 pro-

100 2213 187 2247 bant
210 2213 279 2246 nisi
306 2215 405 2257 quod
431 2225 534 2248 nemo
563 2222 681 2256 negat,
708 2217 752 2248 ab
780 2216 958 2258 Epicureo
986 2216 1078 2247 bene
1103 2216 1271 2248 instructo
1298 2215 1390 2247 illud
1415 2215 1516 2247 uolu-

99 2282 180 2305 men
208 2273 408 2316 profectum
434 2283 523 2313 esse,
555 2280 614 2307 aut
642 2276 827 2308 emendata
853 2275 1006 2307 lectione
1033 2275 1264 2307 conciderunt
1295 2274 1394 2306 uelut
1419 2275 1516 2317 quod

93 2330 137 2364 ab
163 2331 349 2365 Herodoto
373 2332 442 2365 isto
469 2343 499 2366 c.
535 2333 578 2367 17
614 2334 753 2377 repetiit
778 2338 827 2376 (p.
849 2334 910 2376 1325)
943 2334 986 2366 cs.
1014 2333 1253 2366 Buechelerus
1279 2344 1364 2366 mus.
1393 2333 1513 2366 Rhen.

93 2394 117 2423 t.
135 2399 258 2424 xxx1x
284 2401 319 2433 p.
338 2388 419 2424 ⁸292.

223 2448 247 2482 3
273 2448 397 2492 comp.
416 2460 451 2492 p.
471 2449 516 2484 67
543 2449 587 2482 de
613 2449 675 2482 illo
702 2450 784 2483 loco
811 2455 935 2493 questo
955 2457 1070 2493 parre
1087 2461 1131 2482 su
1160 2452 1199 2483 di
1221 2462 1293 2482 una
1321 2452 1513 2482 medesima

93 2510 190 2541 linea
230 2510 268 2540 in
295 2519 369 2540 una
396 2511 631 2542 motivazione
659 2512 768 2542 unica
801 2515 1036 2542 concernente
1065 2510 1222 2542 l’ordine
1255 2511 1351 2541 della
1383 2515 1513 2542 tratta-

92 2568 201 2606 zione,
241 2566 381 2610 l’opera
411 2573 585 2611 presente
617 2579 635 2600 e
660 2569 695 2600 le
720 2567 846 2611 Κύριαι
879 2568 992 2606 δόξαι,
1025 2569 1146 2600 dando
1172 2566 1403 2600 l’intenziom*
1427 2567 1514 2600 dell’

92 2629 224 2658 autore
253 2624 420 2658 nell’una
448 2637 467 2657 e
491 2627 694 2665 nell’aHra,
717 2638 788 2659 non
815 2629 850 2659 si
873 2630 1001 2670 spiega
1024 2638 1062 2658 se
1078 2637 1149 2658 non
1168 2628 1336 2668 ponendp
1351 2628 1415 2658 che
1432 2637 1513 2669 que-

94 2689 152 2717 sta
178 2695 198 2715 e
224 2685 258 2716 le
288 2683 415 2727 Κύριαι
441 2684 544 2720 δόξαι
572 2687 678 2718 siano
703 2692 809 2729 opere
834 2687 929 2718 dello
954 2691 1068 2719 stesso
1094 2690 1234 2720 autore.

1434 2772 1489 2804 d*
