1846 3288
316 269 427 302 LXX
877 265 1168 299 PRAEFATIO

317 386 370 422 de
401 383 548 423 atomis
582 394 662 432 quo
694 383 820 420 modo
851 382 891 418 in
924 380 1234 419 Chaerestratae
1266 381 1403 419 matris
1436 387 1551 420 utero
1583 382 1726 421 coalu-

318 452 448 489 issent
481 458 525 490 ut
551 452 677 490 homo
708 451 887 489 omnium
919 449 1242 498 sapientissimus
1267 450 1518 495 formaretur,
1547 449 1723 499 philoso-

316 519 466 569 phatus
503 525 583 557 est:
632 519 746 556 cuius
786 517 1074 568 disputationis
1120 518 1264 555 saltem
1306 517 1488 554 umbram
1519 517 1727 567 quandam

317 586 538 637 Dionysius
578 585 744 624 Eusebii
782 596 922 635 praep.
960 596 1022 622 eu.
1053 591 1136 624 XIV
1155 586 1219 630 26,
1237 586 1261 623 2
1284 597 1343 634 sq.
1369 596 1408 634 p.
1429 586 1531 623 779²
1565 596 1726 623 seruare

318 655 493 693 uidetur.
555 654 721 692 alterius
752 659 916 690 saturae
951 658 1236 702 argumentum
1268 658 1382 690 erant
1414 651 1536 689 feriae
1567 651 1727 690 sollem-

318 734 391 759 nes
434 722 730 772 Epicureorum
775 716 994 767 Εἰκὰδες
1038 719 1147 756 nullo
1189 731 1272 756 non
1310 731 1453 756 mense
1493 719 1725 756 celebratae

317 796 359 827 et
400 790 452 826 ab
484 788 661 837 Epicuro
701 789 790 837 ipso
831 787 1059 825 institutae:
1100 798 1205 836 quae
1243 798 1366 835 quam
1403 786 1541 835 inepte
1572 786 1612 824 in
1642 798 1728 823 ma-

316 856 428 905 gistri
459 856 697 894 memoriam
721 854 774 892 ab
796 855 853 893 eis
884 859 1101 902 agerentur
1128 854 1195 903 qui
1226 854 1330 890 deos
1360 865 1501 891 manes
1532 865 1624 891 esse
1658 859 1729 890 aut

317 929 411 972 post
441 928 616 959 mortem
646 933 812 958 sensum
843 920 1011 971 relinqui
1031 919 1257 970 praefracte
1286 926 1499 969 negarent,
1531 927 1575 958 et
1607 920 1726 958 facile

319 997 360 1026 et
393 989 526 1027 facete
557 993 720 1038 poterat
751 987 1035 1024 demonstrari.
1096 987 1220 1024 hodie
1251 999 1416 1035 quoque
1447 988 1536 1024 eius
1567 987 1727 1036 generis

317 1056 548 1106 exemplum
573 1054 869 1106 lepidissimum
890 1060 1078 1104 superest
1100 1053 1301 1092 Plutarchi
1332 1053 1559 1103 Gryllus:
1590 1055 1728 1104 inepte

318 1124 453 1161 libello
496 1135 605 1161 nunc
647 1123 832 1160 mutilato
870 1119 979 1171 Περὶ
1019 1121 1096 1161 τοῦ
1127 1119 1180 1160 τὰ
1218 1117 1356 1168 ἄλογα
1394 1119 1511 1174 λόγῳ
1544 1122 1728 1172 χρῆσθαι

319 1192 623 1241 inscripserunt,
654 1196 864 1238 tamquam
886 1202 969 1226 non
992 1190 1113 1227 risum
1136 1201 1302 1226 mouere
1325 1189 1400 1226 sed
1422 1190 1572 1227 docere
1604 1189 1726 1239 scrip-

319 1265 383 1296 tor
414 1258 531 1307 uelit3
563 1258 603 1296 in
633 1257 849 1307 Lampriae
881 1259 948 1306 qui
980 1257 1107 1294 fertur
1136 1257 1274 1294 indice
1306 1257 1495 1294 librorum
1525 1256 1728 1294 Plutarchi

320 1333 361 1364 ct
388 1339 426 1363 n.
462 1327 540 1364 127
569 1323 674 1374 Περὶ
705 1324 830 1378 Ζῴων
864 1321 1036 1371 ἀλόγων
1074 1322 1296 1374 ποιητικός
1329 1330 1369 1362 et
1396 1336 1434 1364 n.
1470 1326 1548 1363 135
1580 1321 1628 1363 Εἰ
1660 1321 1728 1363 λό-

319 1405 397 1441 γον
430 1391 515 1442 ἔχει
545 1391 602 1432 τὰ
627 1393 738 1442 ζῷα]
775 1396 855 1430 huc
886 1392 1024 1429 referri
1055 1398 1203 1441 potest.
1258 1392 1392 1430 Vlixes
1423 1392 1628 1430 inducitur
1643 1391 1729 1429 Cir-

319 1475 394 1499 cen
426 1473 600 1499 exorans
629 1463 677 1498 ut
711 1461 864 1509 reliquo
902 1461 1125 1498 bestiarum
1154 1460 1269 1510 gregi
1307 1460 1478 1497 formam
1507 1460 1728 1498 humanam

319 1530 519 1567 restituat.
574 1541 657 1566 non
701 1530 882 1577 abnegat
912 1529 1064 1576 mulier⁷
1103 1528 1135 1565 si
1167 1534 1306 1565 tamen
1344 1527 1628 1566 consenserint
1657 1528 1728 1564 be·

319 1597 435 1636 stiae.
509 1598 646 1646 prodit
690 1597 855 1646 quidam
892 1597 1098 1634 Grunnius
1131 1596 1353 1634 Corocotta
1393 1592 1615 1645 (Γρύλλος)
1654 1606 1729 1644 pro

319 1665 441 1702 sociis
472 1666 669 1702 malorum
701 1677 792 1702 cum
823 1664 942 1702 Vlixe
980 1665 1284 1708 conlocuturus,
1323 1664 1388 1713 qui
1421 1669 1581 1701 tantum
1611 1663 1730 1700 abest

319 1739 362 1769 ut
391 1732 599 1769 hominem
631 1733 775 1769 iterum
808 1732 980 1768 induere
995 1738 1174 1781 par-atus
1204 1731 1266 1778 sit,
1317 1738 1360 1768 ut
1391 1730 1638 1780 grauissimis
1669 1742 1731 1767 ar-

319 1800 523 1850 gumentis
560 1800 744 1846 ‚disputet
777 1801 903 1849 longe
937 1800 1172 1837 animalium
1215 1800 1385 1836 uirtutes
1417 1803 1625 1848 praestare
1656 1798 1729 1834 hu-

318 1867 464 1906 manis.
500 1867 606 1906 haec
637 1869 883 1916 argumenta
904 1864 1116 1914 omnia‚et
1153 1879 1278 1915 saepo
1311 1866 1477 1917 quidem
1507 1868 1635 1904 uerbo
1669 1872 1729 1904 te-

320 1946 410 1980 nus,
433 1947 483 1972 ex
505 1934 668 1985 Epicuri
688 1934 947 1984 philosophia
967 1935 1098 1984 petita
1120 1940 1228 1973 sunt.
1257 1941 1398 1971 notum
1420 1940 1483 1971 est
1504 1933 1729 1972 Stoicorum

320 2002 595 2051 opprobrium,
637 2002 881 2051 Epicuream
925 2002 1223 2039 beatitudinem
1266 2013 1357 2040 esse
1401 2002 1558 2050 peeoris
1595 2001 1730 2051 potius

320 2081 443 2118 quam
473 2069 649 2107 hominis
680 2067 749 2116 (cf.
780 2069 877 2107 adn.
909 2081 948 2119 p.
973 2070 1067 2113 274,
1087 2069 1183 2117 23);
1215 2075 1364 2106 norunt
1393 2081 1443 2106 ex
1473 2069 1646 2106 Horatio
1666 2081 1729 2118 ep.

320 2144 337 2176 Ι
358 2138 397 2180 4,
420 2139 470 2176 16
502 2135 627 2175 etiam
665 2137 781 2185 pueri
821 2136 990 2184 Epicuri
1025 2138 1072 2173 de
1102 2149 1226 2185 grege
1247 2143 1430 2185 porcum3
1475 2137 1555 2173 iam
1584 2135 1728 2174 Cicero

322 2203 379 2241 sic
409 2203 448 2240 in
471 2203 516 2244 L.
538 2203 802 2254 Calpurnium
824 2203 1014 2241 Pisonem
1033 2203 1261 2241 Philodemi
1293 2204 1495 2242 fautorem
1526 2203 1730 2242 inuehitur

320 2270 453 2322 confer
473 2276 506 2308 le
530 2283 633 2308 nunc
655 2271 824 2320 Epzkure
854 2275 991 2316 noster,
1023 2283 1082 2308 ex
1112 2271 1236 2309 hara
1258 2271 1512 2319 producte,
1545 2284 1634 2309 non
1667 2283 1729 2308 ex

319 2339 497 2390 schola,
530 2337 667 2389 confer
695 2339 735 2377 si
759 2340 877 2376 audes
909 2338 1120 2377 absentiam
1152 2343 1258 2377 luam
1287 2352 1368 2376 cum
1387 2351 1468 2376 mea
1490 2337 1565 2386 (or.
1587 2339 1628 2376 in
1650 2338 1728 2379 Pis.

323 2409 389 2451 16,
417 2404 511 2456 37);
542 2419 641 2445 num
673 2407 877 2445 dubitabis
901 2408 1012 2456 quod
1042 2407 1255 2445 consilium
1285 2408 1373 2444 eius
1407 2406 1524 2444 fuerit
1554 2407 1620 2455 qui
1651 2406 1728 2457 pri-

319 2485 410 2511 mus
450 2474 517 2512 illa
561 2480 817 2512 commentus
858 2473 948 2512 est?
1008 2475 1205 2524 quidum
1235 2486 1404 2524 porcum
1444 2475 1600 2512 inducit
1635 2486 1728 2511 mae

319 2542 586 2579 beatitudinis
635 2542 905 2589 laudatorem,
957 2542 1160 2581 humanae
1212 2543 1542 2592 uituperatoreni,
1592 2542 1728 2579 muita

445 2702 457 2734 l
488 2702 537 2735 M.
554 2703 658 2740 Treu,
687 2703 752 2733 der
769 2713 894 2743 sogen.
914 2702 1259 2744 Lamprzkzscatalog
1278 2703 1343 2734 der
1360 2702 1727 2747 Plutarchsclzrzften

320 2760 524 2799 (KValdenb.
559 2759 666 2803 1878)
693 2771 726 2803 p.
748 2760 802 2794 12.
843 2761 901 2803 qui
927 2772 961 2803 p.
981 2759 1022 2793 51
1052 2762 1072 2792 b
1104 2760 1251 2793 alterum
1276 2764 1408 2793 tantum
1437 2761 1571 2794 titulum
1598 2772 1631 2794 n.
1660 2761 1727 2796 135

321 2820 363 2850 atl
393 2818 554 2862 Gryllum
582 2824 735 2853 reuocat.
