1842 3250
106 939 139 963 10

108 1264 140 1291 15

64 1607 136 1641 552

104 1678 136 1704 21

106 1931 141 1958 25

656 232 863 265 EPICVRI
890 234 1077 265 ETHICA
1508 232 1580 264 327

162 347 382 391 Ἐπίκουρον
409 346 610 390 λοιδορίαις
637 348 697 381 καὶ
724 348 959 390 προεξαιρεῖν
985 347 1057 389 τὴν
1084 347 1267 390 τοιαύτην
1292 345 1467 389 γνώμην·
1502 346 1582 390 φῂς

160 412 233 456 γάρ
266 423 340 446 που
367 412 508 454 σχολὴν
535 412 701 446 ἐπαινεῖν
735 411 960 454 ἀπράγμονα
993 413 1053 446 καὶ
1087 412 1263 452 διαλέξεις
1289 412 1327 445 ἐν
1354 411 1576 455 περιπάτοις

163 476 370 520 προσήκειν
403 475 544 520 ἐκείνῳ.
598 476 674 517 ἐγὼ
711 476 750 510 δὲ
785 476 844 510 ὅτι
878 477 945 518 μὲν
980 477 1025 511 οὐ
1060 478 1183 518 καλῶς
1215 476 1421 520 Ἐπικούρῳ
1458 479 1579 510 ταῦτα

161 541 297 585 ἐδόκει,
327 540 443 575 πάλαι
469 541 529 575 καὶ
557 540 709 583 σφόδρα
736 539 921 582 πείθομαι.

162 607 257 639 idem
282 606 419 639 ibidem
444 617 479 649 p.
498 605 568 639 478
586 606 665 638 Pet.
693 604 774 646 335,
795 605 838 639 19
857 605 974 639 Hertl.
1000 604 1071 647 τὴν
1091 604 1344 648 Ἐπικούρειον
1373 603 1578 647 θαυμάζειν

162 670 462 714 ἀπραγμοσύνην
490 670 550 703 καὶ
576 669 666 710 τοὺς
694 668 840 710 κήπους
866 687 934 702 -.

162 733 403 768 'smxmsa-xvs
429 739 514 765 orat.
542 740 643 765 xxw
671 744 703 776 p.
724 732 805 771 390,
825 733 867 765 21
889 733 998 766 Dind.
1027 733 1236 768 ἐξελαύνειν
1265 732 1484 777 Ἐπίκουρον
1509 734 1578 767 τὸν

165 798 374 838 Νεοκλέους
409 797 469 831 καὶ
506 796 697 839 ἐκβάλλειν
731 799 801 831 τοῦ
840 796 1073 838 καταλόγου7
1111 797 1170 832 ὅτι
1204 796 1421 841 Ἐπίκουρος
1459 797 1579 841 λάθρα

164 862 302 906 βιώσας
336 862 515 906 ἐπῃνεῖτο
548 861 608 895 καὶ
641 861 748 895 ἔθετο
782 861 903 903 δόγμα
936 861 985 905 μὴ
1019 862 1132 905 φύσει
1159 862 1254 897 εἶναι
1279 862 1347 896 τὸν
1374 863 1579 906 ἄνθρωπον

161 926 387 962 κοινωνικόν
414 936 456 960 τε
483 925 543 959 καὶ
568 926 721 968 ἥμερον.

163 993 207 1026 cs.
231 992 470 1024 Philostratus
499 992 559 1023 uit.
586 990 775 1033 Apollonii
805 998 875 1023 vm
896 990 941 1024 2⁶0·
968 1002 1001 1034 p.
1022 990 1092 1024 368
1124 990 1251 1025 πάντα
1276 990 1344 1024 τὸν
1369 991 1509 1034 χρόνον
1536 991 1580 1025 ὃν

163 1057 251 1100 ἐβίω
285 1056 574 1100 (Ἀπολλώνιος)
609 1055 757 1096 λέγεται
790 1055 891 1097 θαμὰ
924 1055 1237 1098 ἐπιφθέγγεσθαι·
1276 1055 1393 1090 ’Λάθε
1427 1056 1581 1098 βιώσας·

163 1121 196 1156 εἰ
223 1121 263 1156 δὲ
290 1121 340 1163 μὴ
369 1121 511 1162 δύναιο,
539 1120 630 1155 λάθε
656 1119 903 1161 ἀποβιώσας’.

163 1186 337 1219 Horatius
365 1185 468 1229 epist.
498 1192 510 1216 Ι
542 1184 596 1223 18,
619 1184 687 1217 102

346 1249 452 1292 ‘quid
478 1260 566 1292 pure
592 1248 810 1291 tranquillet,
838 1249 955 1281 honos
983 1259 1027 1281 an
1054 1249 1160 1281 dulce
1187 1242 1358 1281 lucellum

365 1325 408 1346 an
434 1319 607 1347 secretum
631 1315 699 1345 iter
725 1320 759 1345 et
787 1314 943 1345 fallentis
971 1315 1095 1346 senum
1121 1313 1243 1347 uitae².

162 1378 250 1410 ibid.
281 1386 294 1411 1
322 1379 444 1418 17,1o
470 1379 550 1410 ‘nec
578 1378 665 1410 uixit
692 1378 784 1410 male
812 1379 873 1420 qui
900 1382 1001 1410 natus
1029 1378 1256 1421 moriensque
1284 1377 1446 1409 fefellit‘.

162 1443 315 1475 Ouidius
343 1443 430 1476 trist.
456 1449 501 1475 ΠΙ
531 1443 564 1480 4,
584 1443 629 1475 25
657 1443 783 1474 ‘crede
811 1442 912 1480 mihi,
939 1443 1031 1475 bene
1059 1443 1119 1485 qui
1145 1442 1260 1478 latuit,
1288 1442 1380 1474 benc
1408 1440 1523 1473 uixit'.

163 1507 298 1540 Seneca
322 1507 467 1550 Thyest.
496 1507 699 1541 393—403.
723 1530 734 1539 .

283 1604 538 1638 an'rAchvs
565 1605 627 1638 uit.
647 1605 746 1648 Pyrri
765 1605 812 1638 20
839 1604 1033 1639 πολιτείαν
1061 1605 1100 1639 δὲ
1127 1604 1337 1647 φεύγοντες
1364 1603 1415 1644 ὡς
1444 1602 1583 1646 βλάβην

163 1670 222 1703 καί
250 1669 433 1712 σύγχυσιν
460 1672 529 1703 τοῦ
557 1668 753 1712 μακαρίου.

163 1734 421 1768 AVGVSTINVS
457 1738 582 1766 contra
613 1734 851 1766 Academicos
885 1741 929 1765 111
956 1733 1001 1766 35
1033 1737 1056 1765 t.
1083 1740 1096 1764 Ι
1123 1743 1155 1775 p.
1176 1731 1261 1765 290s
1285 1732 1341 1764 ed.
1369 1732 1459 1764 Ven.
1490 1730 1583 1764 1729

162 1798 259 1831 “nam
287 1798 316 1830 si
356 1808 397 1830 ex
424 1797 544 1831 alieno
579 1797 762 1840 probabili
790 1797 957 1836 uiuimus,
993 1807 1058 1828 nec
1084 1802 1121 1829 tu
1148 1795 1308 1828 debuisti
1333 1795 1580 1828 administrare

164 1874 237 1896 rem
263 1863 456 1906 publicam,
484 1863 567 1905 quia
592 1863 749 1905 Epicuro
777 1863 893 1894 uisum
920 1867 974 1893 est
1001 1872 1073 1893 non
1100 1871 1178 1894 esse
1206 1859 1435 1894 faciendum’.

163 1925 424 1960 PLVTARCHVS
450 1934 573 1959 contra
591 1926 740 1969 Epicuri
766 1926 1030 1958 beatitudinem
1056 1925 1077 1958 2
1096 1936 1129 1969 p.
1150 1923 1259 1958 1087b
1286 1951 1293 1958 .
1316 1951 1322 1957 .
1343 1950 1350 1958 .
1370 1922 1584 1966 ἀνθρώπων

165 1991 364 2034 βοώντων·
407 1989 478 2025 Ὅύ
507 1991 578 2034 γὰρ
605 1990 795 2032 πυγμάχοι
811 1989 924 2030 ἐἰμὲν
950 1989 1158 2032 ἀμύμονες’
1192 1989 1281 2023 οὐδὲ
1308 1988 1467 2032 ῥήτορες
1493 1987 1583 2022 οὐδὲ

163 2054 376 2099 προστάται
409 2055 540 2098 δήμων
560 2051 653 2090 ὀὐδ’
683 2055 874 2098 ἄρχοντες,
914 2054 988 2089 ‘dei
1024 2054 1054 2088 δ’
1084 2055 1173 2097 ἡμῖν
1206 2053 1285 2094 δαίς
1310 2064 1356 2089 τε
1379 2052 1489 2096 <pilus
1523 2053 1583 2086 καὶ

165 2122 270 2154 πᾶσα
302 2119 363 2154 διὰ
395 2120 533 2163 σαρκὸς
568 2120 772 2163 ἐπιτερπὴς
806 2118 949 2162 κίνησις
986 2119 1047 2161 ἐφ’
1075 2118 1220 2162 ἡδονήν
1254 2128 1340 2152 τινα
1371 2118 1432 2152 καὶ
1465 2116 1583 2160 χαρὰν

165 2186 290 2227 ψυχῆς
316 2184 625 2228 ἀναπεμπομένη.

165 2247 390 2283 chnmwvs
415 2259 444 2284 v
473 2250 561 2284 1127

347 2314 405 2347 ‘ut
427 2316 537 2348 satius
563 2315 676 2348 multo
703 2315 772 2347 iam
801 2315 848 2347 sit
875 2324 997 2358 parere
1026 2314 1225 2357 quietum

368 2391 471 2423 quam
496 2391 618 2422 regere
647 2381 797 2425 irnperio
824 2390 879 2412 res
907 2379 1002 2411 uelle
1030 2383 1065 2410 et
1090 2388 1198 2420 regna
1223 2377 1373 2411 tenere'.

287 2521 309 2554 8
335 2521 566 2564 καταλόγου]
587 2521 630 2554 cf.
649 2520 699 2554 id.
719 2531 769 2554 or.
788 2520 835 2552 20
854 2531 888 2563 p.
903 2519 986 2562 289,
1001 2519 1022 2552 7
1051 2517 1271 2561 Ἐπίκουρον
1288 2536 1336 2541 ——-
1355 2517 1406 2558 ὡς
1424 2516 1583 2559 τάχιστα

167 2579 386 2620 ἀπέπεμπεν
414 2580 455 2614 ἑκ
483 2582 553 2614 τοῦ
586 2579 800 2620 καταλόγου
848 2577 854 2622 Ι
902 2578 924 2612 9
951 2578 994 2611 cf.
1022 2577 1063 2611 sr.
1084 2577 1153 2611 523
1200 2575 1207 2621 l
1257 2576 1299 2609 15
1327 2576 1361 2609 h.
1389 2586 1418 2609 e.
1451 2574 1489 2609 τί
1511 2575 1583 2616 τὴν

166 2638 486 2682 εἰλικρινεστάτην
505 2637 675 2681 γαλήνην
693 2637 981 2680 παρασκευάζει.
1009 2637 1053 2670 cs.
1073 2641 1164 2670 sent.
1178 2643 1249 2667 xlv
1282 2634 1298 2677 11
1333 2634 1380 2667 20
1396 2634 1439 2667 cf.
1459 2634 1500 2667 sr,
1516 2634 1548 2667 8.
1561 2633 1583 2666 9

167 2697 294 2730 Cicero
321 2698 365 2730 de
392 2702 480 2732 orat.
507 2706 549 2731 ΠΙ
578 2699 633 2737 17,
651 2698 696 2731 63
713 2709 765 2740 sq.
805 2698 811 2740 Ι
850 2696 896 2730 26
923 2697 1030 2728 Hom.
1058 2697 1079 2729 θ
1106 2695 1177 2728 246
1224 2695 1229 2738 Ι
1276 2694 1321 2727 27
1348 2693 1397 2726 id.
1426 2694 1447 2727 θ
1473 2692 1544 2725 248
1580 2692 1585 2735 Ι

167 2756 213 2790 29
240 2755 558 2800 ἀναπεμπομένης
587 2757 688 2789 libri:
716 2767 807 2789 corr.
833 2755 1009 2788 Reiskius
