1846 3288
295 247 342 281 98
765 249 968 282 EPICVRI
993 247 1226 283 ΔΙΑΠΟΡΙΑΙ

296 368 375 395 σειν
406 360 474 395 τὸν
505 361 642 404 σοφόν,
681 360 732 402 ὡς
763 361 979 405 Ἐπίκουρος
1013 361 1053 397 ἐν
1086 365 1168 403 ταῖς
1201 360 1424 406 Διαπορίαις
1457 361 1518 396 καὶ
1551 361 1591 395 ἐν
1622 362 1704 403 ταῖς

295 424 389 468 Περὶ
414 425 577 468 φύσεως.
634 426 680 458 id.
710 426 797 458 ibid.
825 426 920 461 κατὰ
946 425 1165 470 περίστασιν
1192 427 1232 460 δέ
1258 435 1351 461 ποτε
1379 425 1459 468 βίου
1484 424 1677 467 γαμήσειν.

295 490 499 523 ΑιιιιιΑιινε
525 490 641 533 Epict.
670 491 755 523 disS.
783 498 797 522 1
824 491 880 529 33,
899 491 920 524 3
960 491 1021 525 διὰ
1046 490 1081 525 τί
1107 490 1452 533 ἀποσυμβουλεύεις
1478 488 1704 533 (Ἐπίκουρε)

294 557 350 598 τῷ
374 557 484 598 σοφῷ
509 557 798 598 τεκνοτροφεῑν;
824 553 860 589 τί
885 556 998 599 φοβῇ,
1025 556 1075 598 μὴ
1094 555 1153 589 διὰ
1171 558 1293 590 ταῦτα
1321 553 1373 596 εἰς
1396 555 1516 595 λύπας
1541 552 1704 597 ἐμπέσω

295 619 318 652 6
344 619 421 654 ἀλλ’
450 620 471 654 ὁ
496 619 564 661 μὲν
592 646 598 652 .
620 646 625 653 .
648 646 654 652 .
682 621 803 663 τολμᾷ
829 620 950 660 λέγειν
977 619 1035 654 ὅτι
1064 619 1128 662 Μὴ
1157 619 1397 663 ἀναιρώμεθα
1421 618 1545 654 τέκνα.

296 681 444 717 SENECA
471 682 527 727 (fr.
548 684 593 717 45
612 682 750 725 Haasii)
777 694 832 726 ap.
852 684 1110 726 Hieronymum
1137 684 1215 717 adu.
1235 684 1350 716 Iouin.
1378 691 1391 716 1
1409 684 1454 717 48
1473 694 1506 727 p.
1524 682 1592 717 317
1608 681 1706 715 Van.

296 746 489 790 ‘Epicurus
507 747 702 790 uoluptatis
729 752 894 786 assertor,
922 758 1131 791 quamquam
1149 749 1379 781 Metrodorus
1406 747 1603 792 discipulus
1630 748 1705 780 eius

296 812 486 845 Leontium
504 812 668 845 habuerit
686 823 842 851 uxorem,
869 823 946 845 raro
966 813 1053 845 dicit
1072 814 1222 857 sapienti
1240 813 1396 846 ineunda
1420 811 1599 854 coniugia,
1624 812 1708 856 quia

296 876 407 909 multa
430 877 654 909 incommoda
683 877 838 909 admixta
862 883 944 910 sunt
969 878 1113 920 nuptiis.
1142 884 1176 910 et
1202 878 1382 921 quomodo
1410 876 1558 910 diuitiae
1585 881 1620 909 et
1645 876 1706 908 ho·

297 950 403 973 nores
422 945 662 985 etcorporum
689 942 855 973 sanitates
884 947 918 973 et
943 947 1060 974 cetera
1089 952 1179 985 quae
1207 942 1448 974 indifferentia
1471 942 1706 980 nominamus,

297 1015 362 1036 nec
380 1004 475 1037 bona
500 1016 565 1037 nec
592 1005 683 1038 mala
710 1011 790 1038 sunt
809 1006 871 1037 sed
892 1006 990 1038 uelut
1015 1006 1051 1038 in
1077 1006 1280 1038 meditullio
1305 1007 1424 1049 posita
1440 1017 1507 1039 usu
1526 1011 1561 1038 et
1579 1011 1709 1038 euentu

298 1070 357 1102 uel
383 1070 479 1102 bona
505 1069 564 1102 uel
589 1070 682 1102 mala
709 1069 806 1108 fiunt,
846 1071 895 1103 ita
923 1076 957 1102 et
984 1081 1111 1103 uxores
1145 1071 1230 1103 sitas
1256 1071 1292 1102 in
1317 1071 1490 1103 bonorum
1523 1070 1710 1104 malorum-

298 1144 367 1176 que
400 1133 566 1168 confinio.
623 1145 729 1175 graue
763 1139 879 1167 autem
916 1145 994 1167 esse
1026 1135 1104 1167 uiro
1138 1135 1289 1178 sapienti
1325 1135 1447 1167 uenire
1477 1135 1515 1167 in
1547 1134 1708 1173 dubium,

298 1203 412 1230 utrum
430 1199 561 1231 bonam
581 1209 625 1231 an
643 1199 771 1231 malam
793 1198 962 1231 ducturus
982 1198 1055 1232 sit'.
1109 1199 1152 1231 cs.
1169 1198 1335 1231 Clemens
1351 1199 1459 1232 Alex.
1478 1204 1598 1232 strom.
1617 1207 1647 1232 Π
1663 1199 1708 1232 23

297 1273 331 1304 p.
354 1262 432 1301 181,
451 1262 496 1295 27
524 1263 621 1305 Sylb.
648 1263 900 1295 Theodoretus
936 1273 1007 1296 eur.
1034 1263 1158 1296 Graec.
1185 1274 1342 1295 errorum
1371 1270 1429 1296 ΧΠ
1454 1275 1488 1307 p.
1508 1263 1577 1297 479
1598 1264 1708 1300 Gaiss.

420 1341 674 1376 PLVTARCHVS
699 1349 822 1375 contra
839 1343 984 1386 Epicuri
1009 1344 1268 1376 beatitudinem
1300 1343 1340 1376 13
1360 1354 1393 1387 p.
1415 1339 1520 1377 1095ὁ
1547 1369 1554 1377 .
1571 1369 1602 1376 ..
1623 1342 1709 1377 ἀτο-

297 1406 386 1442 πίαν
404 1407 459 1441 ὧν
476 1407 692 1450 Ἐπίκουρος
715 1407 813 1449 λέγει
835 1407 1072 1451 φιλοθέωρον
1095 1408 1162 1450 μὲν
1180 1406 1406 1450 ἀποφαίνων
1433 1407 1500 1441 τὸν
1527 1407 1650 1449 σοφὸν
1669 1407 1710 1441 ἐν

296 1474 377 1513 ταῖς
402 1471 625 1515 Διαπορίαις
651 1472 711 1506 καί
738 1471 917 1515 χαίροντα
944 1473 1030 1515 παρ’
1055 1473 1229 1506 ὁντινοῦν
1255 1473 1388 1515 ἕτερον
1414 1471 1623 1515 ἀκροάμασι
1650 1473 1710 1506 καὶ

297 1536 454 1578 θεάμασι
473 1536 748 1578 Διονυσιακοῖς,
775 1536 1012 1580 προβλήμασι
1039 1537 1079 1571 δέ
1107 1541 1298 1578 μουσικοῖς
1324 1537 1383 1571 καὶ
1409 1539 1585 1580 κριτικῶν
1605 1538 1709 1579 φιλο-

296 1602 422 1643 λόγοις
447 1601 657 1644 ζητήμασιν
683 1602 772 1636 οὐὸὲ
798 1601 901 1645 παρὰ
926 1602 1046 1636 πότον
1074 1601 1201 1643 διδοὺς
1226 1602 1364 1645 χώραν.

416 1684 615 1717 idem-ibid.
639 1683 680 1717 12
698 1695 731 1727 p.
751 1683 857 1717 1094θ
886 1684 944 1718 ὅτι
969 1683 1100 1718 τοίνυν
1126 1684 1162 1718 αἰ
1187 1686 1258 1718 τοῦ
1284 1683 1461 1725 σώματος
1487 1683 1620 1726 ἡδοναὶ
1646 1693 1709 1717 κα-

297 1748 344 1782 θά
369 1758 440 1791 περ
466 1748 502 1783 oi
527 1747 673 1790 ἐτησίαι
698 1746 943 1791 μαραίνονται
970 1748 1063 1789 μετὰ
1088 1748 1159 1791 τὴν
1190 1748 1312 1790 ἀκμὴν
1343 1748 1404 1782 καὶ
1437 1747 1707 1790 ἀπολήγουσιν,

298 1813 342 1846 οὐ
368 1812 501 1855 λέληθε
526 1812 595 1846 τὸν
620 1811 848 1855 Ἐπίκουρον.
881 1812 1096 1856 διαπορεῖ
1122 1816 1227 1855 γοῦν,
1253 1812 1286 1847 εἰ
1310 1813 1433 1856 γέρων
1460 1813 1481 1847 ὁ
1508 1812 1630 1855 σοφὸς
1655 1812 1710 1846 ὢν

297 1878 358 1911 καὶ
378 1877 428 1919 μὴ
447 1875 656 1918 δυνάμενος
681 1877 898 1920 πλησιάζειν
925 1877 979 1911 ἔτι
1004 1880 1085 1919 ταῖς
1110 1880 1189 1911 τῶν
1216 1879 1341 1912 καλῶν
1368 1877 1482 1920 ἁφαῖς
1505 1875 1624 1920 χαίρει
1650 1876 1710 1910 καὶ

298 1940 576 1984 ψηλαφήσεσιν.

694 2007 789 2038 XIII
830 2005 933 2040 ΠΕΡΙ
962 2005 1310 2041 ΔΙΚΑΙΟΠΡΑΓΙΑΣ

725 2089 844 2120 Laert.
871 2095 898 2120 x
926 2087 972 2122 28
1000 2097 1106 2131 supra
1130 2098 1166 2131 p.
1183 2087 1241 2127 86,
1260 2087 1282 2121 6

422 2242 438 2274 1
467 2242 518 2282 ὡς
546 2268 580 2276 ..
603 2269 610 2275 .
636 2242 656 2274 2
685 2242 838 2284 φύσεως
865 2253 921 2274 om
950 2242 979 2274 F
1030 2242 1036 2284 Ι
1088 2242 1110 2274 2
1137 2252 1179 2274 ex
1206 2241 1278 2274 alio
1306 2246 1449 2274 auctore
1477 2242 1711 2286 adsumptum.

299 2301 418 2344 inepte
451 2301 496 2334 οὐ
529 2308 610 2343 post
643 2300 723 2343 βίου
760 2301 976 2334 Meibomius
1011 2301 1170 2339 inseruit,
1212 2302 1365 2333 maiores
1401 2301 1521 2333 turbas
1555 2301 1712 2333 Cobetus

301 2360 413 2391 edidit
468 2359 482 2402 l}
536 2360 582 2391 20
609 2360 834 2392 continuatur
860 2361 898 2393 fr.
919 2360 939 2392 5
995 2359 1010 2403 ΙΙ
1064 2359 1106 2392 21
1136 2360 1180 2392 cf.
1211 2361 1230 2393 3
1258 2371 1291 2403 p.
1312 2358 1418 2393 1087‘
1448 2359 1487 2394 αἱ
1513 2360 1554 2394 δὲ
1579 2360 1713 2402 ἡδοναὶ

300 2419 396 2452 καθά
423 2429 492 2461 περ
519 2418 628 2461 αὖραι
664 2418 757 2461 πρὸς
793 2419 936 2461 ἑτέραις
968 2419 1092 2461 ἕτεραι
1118 2421 1187 2452 τοῦ
1218 2418 1392 2460 σώματος
1426 2419 1555 2462 ἄκραις
1591 2418 1712 2459 ἐπιγε-

299 2479 417 2511 λῶσαι
450 2477 545 2519 (sort.
580 2477 863 2520 ἑπιγελάσασαι)
897 2477 1120 2520 διαχέονται,
1162 2479 1224 2511 καί
1255 2478 1275 2511 ὁ
1308 2477 1442 2520 χρόνος
1473 2478 1494 2512 ὁ
1526 2478 1593 2519 μὲν
1626 2478 1713 2511 τού-

299 2546 377 2570 των
405 2536 449 2569 οὐ
476 2537 602 2579 πολύς,
643 2535 720 2570 ἀλλ’
749 2536 877 2579 ὥσπερ
908 2535 943 2570 οί
970 2536 1187 2580 διᾴττοντες
1220 2536 1348 2578 ἔξαψιν
1385 2535 1460 2578 ἅμα
1493 2537 1554 2570 καὶ
1585 2536 1712 2579 σβέσιν

300 2596 341 2631 ἐν
367 2599 413 2639 τῇ
440 2596 548 2639 σαρκὶ
575 2595 828 2637 λαμβάνουσιν
863 2596 868 2637 Ι
904 2595 947 2629 23
974 2596 1017 2629 cf.
1036 2596 1141 2627 Plato
1169 2596 1254 2638 reip.
1280 2603 1293 2628 1
1319 2607 1354 2638 p.
1368 2595 1467 2629 329⁰.
1493 2595 1619 2628 Cicero
1639 2595 1713 2628 Cat.

300 2656 379 2688 mai.
402 2656 455 2693 14,
474 2655 517 2688 47
548 2655 602 2686 ‘at
629 2665 699 2686 non
727 2660 780 2686 est
806 2655 1029 2697 uoluptatum
1056 2660 1152 2686 tanta
1177 2654 1277 2696 quasi
1304 2654 1464 2686 titillatio
1492 2654 1529 2685 in
1554 2654 1713 2686 senibus,

300 2715 421 2752 credo,
458 2714 522 2746 scd
550 2725 593 2746 ne
622 2714 836 2746 desideratio
865 2714 1020 2756 quidem,
1059 2714 1147 2745 nihil
1176 2718 1292 2745 autern
1319 2718 1373 2744 est
1399 2712 1588 2745 molestum
1616 2712 1712 2754 quod

299 2783 372 2805 non
398 2772 597 2805 desideres*

1732 626 1750 652 5

1735 949 1766 973 lo

1735 1271 1766 1297 15

1734 1607 1767 1631 20

1735 1953 1768 1979 25
