1846 3288
580 216 824 248 EPISTVLA
860 215 1094 247 SECVNDA
1503 216 1548 249 47

79 362 82 366 v
125 330 516 383 πνευματωθέντος
554 330 840 383 ἰσχυρότερον
878 330 948 372 καὶ
978 329 1191 382 ῥήξαντος
1221 331 1272 372 τὸ
1301 331 1441 382 νέφος
1480 331 1550 373 διὰ

37 485 103 519 104

77 1006 108 1030 λιι

126 404 177 445 τὸ
208 404 262 455 μὴ
294 403 508 445 δύνασθαι
538 403 784 455 ὑποχωρεῖν
816 403 878 454 εἰς
907 403 962 445 τὰ
992 402 1103 456 ἑξῆς,
1141 406 1202 459 τῷ
1234 403 1409 455 πίλησιν
1439 404 1550 453 γίνε-

128 480 229 518 σθαι
260 475 327 518 ἀεὶ
356 477 467 528 πρὸς
491 475 668 527 ἄλληλα.
715 476 784 517 καὶ
806 475 897 518 κατ’
921 475 1084 527 ἄλλους
1115 477 1163 518 δὲ
1194 476 1386 528 τρόπους
1407 477 1551 519 πλείο-

128 562 208 600 νας
248 549 467 600 ἐνδέχεται
507 548 749 600 κεραυνοὺς
791 547 1115 591 ἀποτελεῖσθαι·
1173 549 1310 600 μόνον
1352 549 1376 590 ὁ
1416 551 1551 600 μῦθος

129 620 325 663 ἀπέστω
357 620 544 663 ἀπέσται
565 622 625 673 δέ,
657 621 736 663 ἐάν
759 634 823 673 τις
845 623 990 673 καλῶς
1020 624 1112 673 τοῖς
1139 622 1426 674 φαινομένοις
1451 621 1550 664 ἀκο-

129 696 302 737 λουθῶν
331 694 429 746 περὶ
459 697 548 736 τῶν
579 693 765 747 ἀφανῶν
797 697 1045 745 σημειῶται.

241 766 507 820 Πρηστῆρας
545 767 766 819 ἐνδέχεται
802 767 998 816 γίνεσθαι
1036 767 1105 809 καὶ
1136 768 1244 809 κατὰ
1276 767 1453 810 κάθεσιν
1485 768 1552 810 νέ-

130 854 246 893 φους
277 840 339 891 εἰς
369 841 474 891 τοὺς
511 839 627 882 κάτω
658 840 824 891 τόπους
868 842 1137 891 στυλοειδῶς
1178 841 1263 882 ὑπὸ
1306 841 1554 892 πνεύματος

130 913 295 966 ἀθρόου
335 913 560 965 ὠσθέντος
601 914 670 955 καὶ
702 915 772 956 διὰ
804 916 881 955 τοῦ
912 915 1162 965 πνεύματος
1193 914 1335 969 κύκλῳ
1367 915 1554 967 φερομέ-

130 1000 223 1038 νου,
268 986 356 1038 ἅμα
396 986 466 1028 καὶ
506 986 558 1028 τὸ
599 987 737 1038 νέφος
778 986 839 1038 εἰς
881 987 931 1028 τὸ
972 987 1157 1036 πλάγιον
1205 987 1430 1038 ὠθοῦντος
1475 990 1554 1029 τοῦ

132 1059 257 1110 ἐκτὸς
287 1058 552 1109 πνεύματος·
608 1059 677 1100 καὶ
708 1060 817 1101 κατὰ
847 1059 1104 1110 περίστασιν
1136 1060 1183 1101 δὲ
1215 1059 1462 1110 πνεύματος
1495 1059 1556 1110 εἰς

131 1132 302 1183 κύκλον,
347 1131 479 1183 ἀέρος
515 1133 634 1183 τινὸς
677 1132 1090 1183 ἐπισυνωθουμένου
1130 1131 1319 1174 ἄνωθεν·
1379 1132 1447 1173 καὶ
1485 1132 1555 1183 ῥύ-

133 1215 250 1255 σεως
280 1206 447 1255 πολλῆς
478 1205 738 1255 πνευμάτων
769 1205 1008 1255 γενομένης
1040 1205 1109 1246 καὶ
1140 1205 1192 1247 οὐ
1224 1206 1469 1255 δυναμένης
1493 1204 1554 1255 εἰς

134 1277 187 1319 τὰ
223 1276 383 1326 πλάγια
418 1280 671 1329 διαρρυῆναι
709 1279 779 1319 διὰ
816 1278 894 1328 τὴν
926 1279 1045 1330 πέριξ
1084 1281 1162 1320 τοῦ
1202 1277 1333 1329 ἀέρος
1369 1279 1555 1329 πίλησιν.

134 1350 204 1392 καὶ
244 1350 329 1400 ἕως
371 1350 447 1399 μὲν
489 1351 567 1400 γῆς
609 1351 686 1391 τοῦ
729 1351 981 1400 πρηστῆρος
1030 1350 1287 1401 καθιεμένου
1334 1349 1557 1402 στρόβιλοι

135 1423 372 1473 γίγνονται·
424 1422 509 1473 ἕως
540 1423 588 1464 δὲ
620 1422 835 1473 θαλάττης
867 1425 977 1464 δῖνοι
1009 1422 1336 1465 ἀποτελοῦνται.

249 1496 465 1547 Σεισμοὺς
503 1496 725 1546 ἐνδέχεται
760 1496 957 1544 γίνεσθαι
991 1496 1058 1537 καὶ
1091 1496 1200 1537 κατὰ
1229 1496 1477 1547 πνεύματος
1510 1497 1556 1537 ἐν

255 1637 276 1669 2
307 1636 495 1679 πίλησιν
522 1636 733 1678 γίνεσθαι
761 1638 805 1671 τὸ
834 1638 900 1679 μὲν
927 1638 1023 1672 πολὺ
1051 1637 1145 1679 πρὸς
1169 1637 1257 1680 ὄρος
1275 1648 1310 1671 τι
1329 1637 1488 1679 ὑψηλόν,
1518 1637 1557 1670 ὲν

137 1696 167 1740 ᾧ
194 1696 355 1738 μάλιστα
383 1697 557 1739 κεραυνοὶ
586 1696 798 1731 πίπτουσιν.
846 1705 1078 1729 Anxmmvm
1106 1697 1150 1727 ad
1178 1707 1209 1738 p.
1230 1696 1348 1734 4(5,18

261 1756 302 1789 16
328 1755 586 1797 γίγνονται·
632 1756 682 1797 ῶς
712 1755 928 1796 ἀναγκαίως
955 1757 977 1798 ἡ
1008 1755 1260 1796 ἀπογέννησις
1287 1754 1383 1788 κατὰ
1409 1755 1479 1795 τὴν
1507 1753 1557 1787 δί-

135 1823 245 1858 νησιν
271 1817 340 1848 τοῦ
368 1815 583 1856 πνεύματος
608 1814 752 1856 γίνεται
779 1822 968 1848 ευιῑοιιοδῖ
997 1814 1040 1846 ad
1070 1825 1103 1847 u.
1135 1815 1175 1847 1¹3
1205 1813 1298 1847 δῖνοι

258 1874 301 1907 17
321 1875 414 1927 :crept
441 1876 606 1916 σεισμῶν
646 1881 811 1907 Rvssch
839 1874 868 1905 F

261 2042 277 2074 1
307 2040 637 2081 πνευματωθέντος
664 2042 691 2072 Β
748 2040 763 2084 Η
817 2042 838 2072 2
866 2040 915 2082 μὴ
945 2051 1001 2072 om
1027 2041 1042 2072 f
1093 2039 1108 2082 Η
1161 2041 1182 2073 4
1208 2038 1459 2074 αποτελέσθαι
1487 2039 1516 2070 Β
1550 2039 1562 2082 Ιξ

138 2099 159 2133 5
184 2099 361 2144 ἀπέσται]
389 2099 536 2143 ἀπέστη
565 2100 616 2131 H¹
645 2100 800 2134 ἀπέστω
827 2101 856 2132 Β
886 2101 891 2139 Ι
920 2110 975 2141 τις
1000 2111 1057 2132 om
1085 2100 1113 2131 B
1154 2097 1169 2141 Η
1212 2099 1231 2132 7
1259 2096 1429 2142 κάθεσιν]
1456 2098 1560 2132 θέσιν

137 2158 268 2196 F¹H's‚
294 2169 340 2201 γρ
359 2170 417 2199 mg
435 2159 484 2190 1³2
517 2157 532 2201 Η
573 2159 594 2192 8
622 2157 866 2202 στυλοειδῶς]
893 2157 1098 2198 ἀλλοειδῶς
1124 2157 1220 2189 libri.
1247 2158 1291 2190 cf.
1311 2158 1413 2191 Lucr.
1433 2157 1560 2189 ¹:142ss

139 2223 175 2251 et
200 2219 270 2252 433
301 2223 486 2261 tamquam
516 2220 671 2250 demissa
698 2220 878 2257 columna,
905 2218 1046 2249 Plinius
1074 2227 1107 2250 n.
1133 2217 1166 2249 h.
1194 2224 1222 2249 11
1245 2217 1312 2250 134
1345 2216 1362 2260 ss
1394 2215 1417 2249 9
1444 2216 1560 2250 ὠθέν-

138 2287 205 2319 τος
226 2277 266 2318 [Ι
288 2275 426 2320 κύκλῳ]
447 2277 591 2311 πολλοῦ
609 2277 705 2309 libri.
733 2277 776 2311 cf.
795 2277 885 2308 infra
902 2277 925 2309 1.
949 2277 992 2309 12
1020 2275 1240 2308 Aristoteles
1258 2281 1404 2309 meteor.
1425 2282 1471 2308 111
1493 2276 1523 2317 1,
1539 2274 1558 2306 3

139 2347 172 2379 p.
190 2335 278 2370 37012
297 2336 356 2370 22.
374 2337 420 2369 26
446 2336 586 2369 Lucret.
606 2343 646 2368 vx
667 2336 737 2368 438
771 2335 786 2378 {1
827 2336 870 2368 10
895 2333 1073 2379 πλάγιον]
1100 2333 1261 2376 πλησίον
1288 2334 1383 2366 libri.
1410 2334 1454 2366 cf.
1474 2333 1498 2367 1.
1519 2333 1561 2366 14

141 2400 175 2427 et
192 2395 303 2429 Arist.
321 2395 346 2427 1.
366 2406 393 2427 s.
413 2406 446 2438 p.
464 2395 552 2429 370b
570 2395 616 2428 24
638 2396 644 2437 1
667 2395 835 2435 ὠθέντος
853 2394 898 2426 F¹
934 2393 949 2437 ΙΙ
987 2394 1028 2426 12
1058 2393 1203 2436 ῥήσεως
1223 2394 1274 2424 H¹
1303 2391 1444 2435 ῥήξεως
1461 2389 1534 2424 H²s
1550 2389 1562 2436 il

143 2454 187 2487 13
212 2454 413 2497 γινομένης
430 2453 501 2496 HQ
523 2454 529 2495 Ι
552 2454 598 2488 οὐ
625 2465 683 2486 om
703 2454 733 2485 F
766 2452 782 2497 ΙΙ
818 2454 861 2486 15
887 2454 1094 2496 πριστῆρος
1114 2452 1143 2483 F
1169 2454 1386 2494 προστὴρος
1412 2452 1455 2493 Q.
1480 2451 1562 2484 fort.

140 2512 211 2554 leg.
229 2512 445 2555 πνεύματος
467 2513 472 2556 Ι
494 2513 718 2554 καθειμένου
748 2512 949 2555 στρόβυλοι
977 2512 1007 2543 F
1048 2510 1064 2554 Η
1111 2511 1150 2543 16
1177 2509 1373 2552 γίγνονται
1392 2511 1436 2543 B:
1465 2508 1562 2550 γίνε-

140 2580 202 2604 ται
228 2571 258 2602 F
283 2570 454 2612 γίνονται
480 2572 588 2604 ceteri
623 2569 628 2615 Ι
663 2571 779 2605 δεινοὶ
805 2572 834 2602 Β
879 2570 895 2613 {l
939 2570 980 2602 17
1008 2570 1069 2603 καὶ
1094 2569 1190 2603 κατὰ
1215 2569 1431 2610 πνεύματος
1457 2569 1564 2601 omis·

142 2641 219 2662 sum
244 2631 344 2662 addit
369 2641 428 2671 mg
454 2631 490 2662 H
512 2631 517 2672 Ι
541 2631 601 2664 καὶ
629 2632 712 2664 ante
739 2629 920 2664 κατὰοπι
949 2630 965 2661 f

261 2688 308 2721 20
334 2688 385 2729 ὡς
412 2688 458 2722 ἂν
483 2690 544 2723 καὶ
571 2689 594 2731 ἡ
620 2689 717 2727 libri,
744 2690 808 2731 sec}
833 2697 913 2720 cum
940 2688 1047 2720 litura
1073 2688 1103 2719 P
1125 2687 1130 2730 1
1152 2685 1299 2729 κίνησιν
1327 2691 1361 2718 et
1391 2686 1433 2719 21
1460 2684 1562 2729 γίνη-

142 2757 203 2781 ται
231 2747 314 2779 libri
336 2748 343 2790 l
367 2746 528 2792 [κίνησιν
555 2746 639 2791 τ]οῡ
666 2759 745 2780 cum
771 2748 879 2791 litura
904 2748 933 2778 F
