1846 3288
218 1031 263 1065 29

215 1379 261 1412 30

298 251 364 285 102
651 252 857 284 EPICVRI
886 250 1014 286 ΠΡΟΣ
1039 250 1347 286 ΘΕΟΦΡΑΣΤΟΝ

292 367 378 398 tium
406 373 528 400 contra
546 367 835 410 Theophrastum
863 367 1018 400 scribere
1045 378 1129 399 ausa
1156 371 1219 400 est.
1260 367 1350 399 scito
1377 366 1440 398 illa
1466 367 1611 410 quidem
1639 378 1709 400 ser-

291 442 407 469 mone,
436 432 500 464 sed
526 438 661 464 tamen:
691 437 825 462 tantum
853 431 999 474 Epicuri
1026 431 1150 462 hortus
1176 431 1302 463 habuit
1327 430 1523 466 licentiae’.

340 495 498 529 PLINIVS
525 502 593 529 nat.
621 496 743 528 histor.
772 496 881 538 praef.
907 496 951 528 29
989 495 1072 528 ‘ceu
1100 506 1185 527 uero
1214 496 1369 527 nesciam
1396 496 1567 527 aduersus
1594 495 1710 527 Theo·

290 560 484 604 phrastum,
525 558 706 592 hominem
741 560 776 591 in
810 559 1016 602 eloquentia
1048 565 1183 591 tantum
1209 566 1246 591 ut
1271 569 1403 591 nomen
1432 558 1592 592 diuinum
1625 559 1710 591 inde

290 623 479 662 inuenerit,
517 623 704 665 scripsisse
739 622 843 654 ctiam
878 622 1043 654 seminam
1071 626 1105 653 et
1130 621 1361 665 prouerbium
1396 623 1480 655 inde
1507 629 1628 655 natum
1655 634 1710 655 su-

291 689 442 732 spendio
470 688 631 720 arborem
660 687 816 727 eligendi
829 686 846 719 ³.

291 754 334 786 cs.
362 752 596 785 Philodemus
624 751 711 783 VH²
740 759 752 783 1
781 751 803 783 f.
829 751 897 784 149
947 749 1112 794 θ]ρυλῶν
1145 750 1204 784 ὅτι
1232 748 1445 795 Λε[ό]ντιον
1479 752 1539 785 καὶ
1567 750 1710 795 [έ]τέρα

289 827 344 857 τις
369 817 407 858 (i.
430 828 460 848 e.
478 815 678 857 Themi-<tall
702 815 761 848 ἐπὶ
791 814 1029 859 πραγματείᾳ
1056 813 1374 858 μνημο[ν]εύεται.
1410 821 1444 847 et
1462 816 1575 858 pinxit
1594 818 1709 848 Leon·

291 882 364 913 tion
391 880 643 921 ‘cogitantem'
670 880 831 911 'rheorus
859 884 1002 912 auctore
1030 880 1151 911 Plinio
1179 885 1250 912 nat.
1277 880 1358 913 hist.
1387 889 1498 913 xxxv
1529 881 1605 913 144.

984 961 1012 991 P,

404 1024 515 1073 ἀλλὰ
547 1024 616 1066 καὶ
647 1025 778 1076 χωρὶς
813 1024 972 1066 τούτου
1013 1026 1090 1066 τοῦ
1129 1025 1289 1075 μέρους
1326 1024 1405 1066 οὐκ
1443 1023 1542 1066 οἶδα
1586 1023 1709 1076 ὅπως

289 1100 353 1140 δεῖ
382 1098 435 1138 τὰ
467 1099 514 1139 ἑν
547 1097 695 1138 σκότει
726 1099 862 1139 ταῦτα
893 1097 1000 1138 ὄντα
1032 1101 1172 1149 φῆσαι
1204 1097 1408 1148 χρώματα
1440 1097 1565 1148 ἔχειν.

411 1172 483 1203 uid.
511 1171 550 1203 sr.
572 1173 629 1208 30,
657 1171 747 1203 infra
774 1171 796 1203 1.
817 1170 873 1203 26.

288 1236 434 1269 An'rlvs
461 1244 472 1267 1
499 1236 553 1273 15,
572 1236 594 1268 9
621 1235 737 1275 (Stob.
759 1235 824 1267 ecl.
848 1236 906 1278 ph.
932 1235 985 1273 16,
1006 1236 1034 1275 1)
1062 1247 1095 1278 p.
1112 1235 1192 1272 314,
1214 1236 1253 1267 11
1276 1235 1378 1266 Diels
1408 1233 1624 1278 Ἐπίκουρος
1649 1235 1708 1268 καὶ

289 1299 530 1344 Ἀρίσταρχος
554 1300 601 1333 τὰ
628 1300 668 1333 ἑν
695 1301 750 1342 τῷ
778 1299 904 1342 σκότῳ
932 1300 1090 1341 σώματα
1121 1299 1238 1342 χρόαν
1268 1299 1337 1332 οὐκ
1364 1300 1471 1340 ἔχειν.

410 1381 665 1414 an'rmzssnvs
698 1381 777 1413 adu.
807 1381 961 1413 Coloten
994 1382 1013 1413 7
1041 1392 1074 1424 p.
1098 1381 1204 1413 1110ο
1258 1380 1341 1414 “Ort
1370 1381 1409 1414 δὲ
1436 1380 1587 1420 τούτοις
1614 1380 1708 1423 πρὸς

287 1448 363 1480 πᾶν
396 1446 474 1479 ἔστι
507 1447 666 1488 χρῆσθαι
701 1446 745 1478 τὸ
783 1446 1016 1487 καλούμενον
1044 1447 1103 1479 καὶ
1130 1446 1389 1487 νομιζόμενον,
1429 1445 1562 1488 πικρὸν
1589 1445 1706 1486 γλυκὺ

287 1509 514 1552 καθαρτικὸν
553 1509 769 1543 ὑπνωτικὸν
806 1510 1008 1551 φωτεινόν,
1045 1509 1097 1550 ὡς
1133 1510 1287 1550 οὐδενὸς
1326 1510 1481 1551 ἔχοντος
1521 1509 1706 1552 αὐτοτελῆ

288 1574 474 1616 ποιότητα
506 1575 566 1607 καὶ
600 1574 757 1615 δύναμιν
792 1574 881 1607 οὐδὲ
916 1574 1084 1616 δρῶντος
1117 1575 1256 1614 μᾶλλον
1291 1575 1312 1614 ἠ
1346 1574 1574 1616 πάσχοντος,
1613 1574 1706 1607 ὅταν

288 1640 487 1682 ἐγγένηται
524 1641 603 1680 τοῖς
637 1639 819 1679 σώμασιν,
862 1639 978 1680 ἄλλην
1007 1638 1046 1672 δὲ
1074 1638 1114 1671 ἐν
1144 1639 1268 1678 ἄλλοις
1305 1637 1492 1680 διαφορὰν
1527 1640 1586 1671 καί
1619 1640 1706 1681 κρᾶ-

287 1713 345 1738 σιν
373 1704 642 1746 λαμβάνοντος,
678 1704 747 1737 οὐκ
776 1703 916 1745 ἄδηλόν
945 1704 1057 1737 ἐστιν.
1109 1703 1222 1743 αὐτὸς
1248 1702 1320 1745 γὰρ
1348 1703 1415 1736 οὐν
1442 1704 1462 1736 ὁ
1491 1701 1707 1746 Ἐπίκουρος

288 1768 327 1802 ἐν
345 1770 400 1811 τῷ
420 1767 586 1811 δευτέρῳ
613 1769 691 1800 τῶν
710 1767 813 1809 Πρὸς
832 1766 1082 1810 Θεόφραστον
1109 1767 1191 1800 οὐκ
1219 1768 1337 1801 εἶναι
1363 1768 1484 1809 λέγων
1511 1768 1564 1801 τὰ
1591 1768 1705 1811 χρώ-

288 1843 403 1873 ματα
431 1834 618 1874 συμφυῆ
650 1835 746 1872 τοῖς
774 1832 981 1872 σώμασιν
1008 1831 1121 1865 ἀλλὰ
1149 1834 1402 1872 γεννᾶσθαι
1429 1832 1544 1866 κατὰ
1571 1833 1707 1873 ποιάς

285 1907 421 1938 τινας
457 1897 608 1937 τάξεις
645 1897 717 1930 καὶ
750 1898 905 1936 Θέσεις
941 1896 1051 1938 πρὸς
1088 1896 1171 1938 τὴν
1208 1896 1314 1938 όψιν
1353 1897 1397 1930 οὐ
1435 1897 1574 1938 μᾶλλόν
1611 1906 1706 1939 φησι

287 1962 383 1995 κατὰ
408 1964 548 1995 τοῦτον
575 1961 642 1994 τὸν
674 1961 787 2001 λόγον
824 1960 1113 2004 ἀχρωμάτιστον
1140 1963 1249 2001 σῶμα
1277 1961 1371 2003 εἰναι
1398 1961 1419 2002 ἡ
1448 1963 1578 2003 χρῶμα
1605 1961 1704 2003 ἕχον.

287 2025 468 2068 ἀνωτέρω
497 2025 536 2058 δὲ
569 2025 665 2058 κατὰ
697 2025 793 2058 λέξιν
820 2028 941 2058 ταῦτα
968 2025 1159 2067 γέγραφεν
1192 2025 1303 2059 ἀλλὰ
1338 2026 1413 2058 καὶ
1440 2052 1544 2059 .....
1573 2025 1705 2067 ἔχειν

286 2089 342 2133 [fr.
371 2089 443 2133 29].
497 2089 617 2123 καίτοι
652 2088 829 2129 πολλάκις
856 2088 965 2131 ἀέρος
999 2088 1137 2130 ὁμοίως
1164 2089 1383 2129 σκοτώδους
1410 2089 1704 2132 περικεχυμένου

287 2154 322 2187 οἰ
350 2154 416 2195 μὲν
444 2153 689 2187 αἰσθάνονται
716 2153 928 2196 χρωμάτων
959 2153 1153 2195 διαφορᾶς,
1183 2152 1217 2186 οἱ
1245 2154 1276 2186 δ’
1295 2153 1364 2186 οὐκ
1389 2152 1632 2187 αἰσθάνονται
1660 2153 1706 2186 δι’

287 2218 506 2260 ἀμβλύτητα
533 2219 600 2259 τῆς
627 2217 771 2259 όψεως·
800 2217 853 2251 ἐτι
882 2217 913 2250 δ’
943 2217 1176 2257 εἰσελθόντες
1203 2216 1254 2258 εἰς
1283 2218 1480 2251 σκοτεινὸν
1508 2219 1613 2252 οἶκον
1644 2219 1705 2252 οὐ-

288 2282 418 2324 δεμίαν
454 2284 543 2324 ὀψιν
576 2283 774 2324 χρώματος
807 2283 967 2324 ὁρῶμεν,
1004 2281 1272 2323 ἀναμείναντες
1307 2282 1346 2315 δὲ
1381 2282 1510 2325 μικρὸν
1544 2283 1704 2325 ὁρῶμεν.

287 2348 332 2380 οὺ
360 2349 500 2388 μᾶλλον
533 2347 601 2380 οὑν
635 2348 731 2388 ἐ’χειν
759 2347 781 2387 ἠ
811 2347 860 2388 μὴ
887 2347 984 2387 ἔχειν
1011 2348 1142 2389 χρῶμα
1174 2346 1380 2388 ῥηθήσεται
1413 2349 1490 2380 των
1516 2347 1705 2389 σωμάτιον

286 2412 459 2445 ἕκαστον.
514 2411 545 2445 εἰ
573 2411 612 2445 δέ
639 2411 683 2444 τὸ
711 2413 840 2454 χρώμα
875 2411 968 2453 πρός
999 2421 1045 2452 τι,
1085 2411 1144 2444 καὶ
1171 2411 1215 2444 τὸ
1242 2411 1375 2444 λευκὸν
1411 2411 1515 2445 ἔσται
1550 2412 1644 2455 πρός
1670 2422 1704 2445 τι

407 2546 427 2577 3
454 2545 561 2577 modo
589 2545 804 2587 loquebatur
823 2544 962 2575 Plinius
987 2545 1031 2576 (le
1056 2544 1241 2586 Epicureis
1266 2540 1338 2575 Zsibi
1364 2544 1504 2576 infestis
1539 2542 1553 2586 Η
1590 2544 1628 2576 11
1661 2544 1704 2576 cf.

288 2605 424 2636 Lucret.
446 2611 471 2635 11
495 2603 562 2635 795
579 2614 655 2646 sqq.
683 2603 917 2634 Philodemus·
937 2604 981 2634 de
1002 2607 1110 2634 notat.
1131 2602 1220 2633 VH2
1238 2610 1278 2634 Iv
1298 2603 1321 2633 f.
1342 2602 1398 2639 21,
1413 2602 1435 2635 8
1460 2614 1494 2646 p.
1510 2602 1554 2635 23
1574 2603 1704 2647 Gomp.

287 2663 334 2696 τὰ
363 2665 454 2703 γοῦν
482 2662 521 2695 ἐν
548 2665 602 2705 τῷ
632 2661 757 2695 σκότει
785 2659 933 2706 χ[ρόα]ν
960 2660 1041 2703 μέ[ν
1071 2660 1154 2703 οῡΙκ
1182 2661 1268 2702 ἔχει,
1304 2661 1462 2700 σώματα
1489 2660 1520 2694 δ’
1547 2660 1668 2705 ἑστ[ίν
1701 2662 1705 2705 Ι

294 2723 334 2755 1ῦ
361 2720 533 2765 σώματα]
554 2721 735 2764 χρώματα
753 2722 836 2753 libri
870 2721 884 2764 1}
928 2722 967 2753 16
987 2722 1040 2754 ἑτι
1060 2721 1101 2754 δέ
1119 2721 1269 2760 τούτοις
1291 2720 1583 2764 προσεπανέστη
1603 2721 1703 2754 libri:

289 2791 376 2814 corr.
402 2781 577 2813 Reiskius
625 2782 630 2815 1
678 2781 724 2813 20
751 2780 981 2821 ἐγγένωνται
1006 2786 1041 2813 et
1068 2781 1108 2813 21
1139 2781 1278 2823 ἄδηλος
1303 2781 1404 2812 libri:
1432 2791 1518 2812 corr.
1548 2780 1641 2812 idem

1733 630 1749 656 5

1734 972 1766 995 10

1735 1307 1764 1332 15

1731 1647 1763 1671 20

1729 1970 1762 1994 ⁴25

1730 2294 1764 2317 :10
