1842 3250
635 212 841 244 EPICVRI
868 213 1086 245 PHYSICA
1502 213 1570 246 199

153 329 300 369 λέγοιεν
330 327 387 361 ἀεὶ
413 328 594 361 κινεῖσθαι
620 326 688 367 τὰς
714 325 896 368 ἀτόμους·
950 326 982 361 εἰ
1008 327 1080 370 γὰρ
1106 328 1166 361 καὶ
1195 327 1377 370 ήρεμοῡσι
1406 329 1466 361 καὶ
1493 327 1569 361 ἰσο-

153 395 278 435 ταχῶς
295 394 499 433 κινοῦνται,
528 390 946 433 ἑπικαταλαμβάνουσιν
971 391 1144 433 ἀλλήλας.
1172 391 1204 426 εἰ
1231 392 1272 425 δέ
1298 402 1353 433 τις
1379 393 1484 434 ζητεῖ
1511 392 1572 426 διὰ

152 457 188 491 τί
215 457 404 491 ἀδύνατον
436 456 518 491 ἐστι
551 455 597 489 τὸ
630 455 817 497 ἰσοταχῶς
851 457 1033 489 κινεῖσθαι
1065 456 1110 490 τὸ
1139 456 1346 499 βαρύτερον
1373 459 1428 500 τῷ
1454 455 1572 499 ἦττον

154 523 268 565 βαρεῖ,
308 521 440 564 ῥᾴδιον
474 520 608 561 λέγειν,
649 519 706 552 ὅτι
740 518 772 553 εἰ
805 520 853 561 μὴ
881 520 904 561 ἡ
932 519 1130 562 προσθήκη
1166 522 1236 553 τοῦ
1271 519 1409 563 βάρους
1444 519 1572 554 θάττω

112 597 130 622 5
153 588 252 620 ποιεῖ
277 585 347 627 τὴν
374 584 532 627 κίνησιν,
572 584 661 618 οὐδὲ
696 584 815 627 ἀρχὴν
844 584 868 626 ἡ
897 585 1060 627 βαρύτης
1088 583 1188 618 αἰτία
1215 585 1320 618 ἔσται
1346 586 1414 627 τῆς
1442 585 1502 618 ἐπὶ
1527 585 1573 618 τὸ

153 650 258 685 κάτω
290 648 475 692 κινήσεως
501 649 542 683 ἑν
567 651 623 692 τῷ
651 651 770 692 κενῷ·
821 648 841 682 ὃ
874 649 947 691 γὰρ
973 649 1272 692 προστιθέμενον
1300 649 1370 683 οὐκ
1398 647 1573 683 ἐπιτείνει

153 715 244 750 οὐδὲ
271 715 372 749 αὔξει
398 715 468 756 τὴν
496 713 653 756 κίνησιν,
692 716 809 748 τοῦτο
845 714 934 748 οὐδὲ
969 715 1039 756 τὴν
1068 714 1186 757 ἀρχὴν
1214 715 1258 747 ἂν
1287 714 1408 748 αἴτιον
1436 713 1493 756 εἴη
1521 724 1572 747 κι-

153 779 311 822 νήσεως.
339 778 430 814 εἰδὲ
450 779 499 821 μὴ
525 778 563 812 αἱ
589 778 702 820 ῥοπαὶ
729 781 808 818 τοῖς
835 778 1006 820 σώμασίν
1034 778 1126 812 εἰσιν
1154 778 1268 812 αἴτιαι
1293 781 1363 820 τῆς
1390 779 1575 821 κινήσεως

153 847 222 885 τῆς
249 843 288 878 ἐν
314 846 369 886 τῷ
397 846 507 887 κενῷ,
550 843 629 877 οὐδ’
659 843 705 876 ἂν
733 846 875 876 κινοῖτο
903 843 972 885 τὴν
1001 843 1119 886 ἀρχήν
1151 843 1190 876 ἐν
1216 846 1272 887 τῷ
1299 846 1398 887 κενῷ
1427 844 1475 877 τὰ
1501 844 1575 878 σώ-

101 917 132 942 m
155 918 270 951 ματα·
298 909 388 943 οὐδὲ
406 908 478 952 γὰρ
498 908 590 950 ἄλλη
618 918 674 949 τις
701 907 801 942 αἰτία
827 910 895 949 τῆς
923 908 1019 941 κατὰ
1037 909 1153 950 φύσιν
1172 911 1296 951 φορᾶς
1321 912 1400 949 τοῖς
1428 909 1575 950 σώμασι

154 973 253 1016 πλὴν
279 974 348 1016 τῆς
373 971 515 1014 οἰκείας
539 973 670 1016 ῥοπῆς.
699 973 753 1007 ἔτι
777 973 828 1014 δέ,
854 974 972 1015 φησὶν
1000 975 1021 1007 ὸ
1040 973 1292 1016 Ἀλέξανδρος,
1321 972 1352 1007 εἰ
1370 976 1446 1006 πᾶν
1466 976 1576 1015 σῶμα

156 1038 269 1082 βάρος
295 1038 394 1080 ἔχειν
420 1041 501 1080 τοῖς
525 1039 611 1082 περὶ
630 1037 850 1081 Ἐπίκουρον
878 1039 980 1072 δοκεῖ
1009 1039 1069 1072 καὶ
1096 1039 1155 1072 διὰ
1182 1039 1227 1072 τὸ
1256 1038 1367 1081 βάρος
1395 1040 1577 1072 κινεῖσθαι

154 1102 202 1137 τὰ
231 1103 391 1145 σώματα
417 1103 478 1137 διὰ
503 1106 574 1138 τοῦ
600 1105 724 1145 κενοῦ,
753 1104 883 1137 ἕπεται
912 1104 951 1136 δὲ
979 1102 1035 1143 οἷς
1062 1104 1084 1145 ἡ
1113 1104 1277 1146 βαρύτης
1303 1102 1404 1136 αἰτία
1430 1105 1498 1143 τῆς
1525 1114 1576 1135 κι-

156 1167 314 1211 νήσεως,
341 1168 493 1210 τούτοις
517 1168 588 1210 τὴν
616 1168 729 1210 μείζω
757 1168 880 1211 ῥοπὴν
908 1170 1117 1211 ταχυτέρας
1145 1167 1268 1202 αἰτίαν
1287 1168 1456 1209 γίνεσθαι
1475 1167 1576 1210 κινή-

102 1242 135 1268 1⁶
157 1241 266 1275 σεως,
294 1232 365 1275 οὐχ
389 1231 472 1268 οἷόν
497 1243 540 1267 τε
566 1233 607 1267 δέ
633 1236 750 1267 τοῦτο
779 1233 818 1266 ἐν
846 1236 901 1277 τῷ
928 1236 1026 1277 κενῷ
1055 1232 1237 1275 γίνεσθαι,
1264 1233 1345 1267 οὐδ’
1373 1233 1417 1266 ἂν
1446 1233 1506 1266 διὰ
1533 1233 1578 1266 τὸ

158 1297 272 1340 βάρος
297 1301 438 1332 κινοῖτο
464 1298 505 1332 ἐν
531 1298 655 1341 αὐτῷ’
684 1297 716 1332 εἰ
744 1299 784 1332 δὲ
811 1298 860 1339 μὴ
889 1298 948 1331 διὰ
974 1301 1102 1340 τοῦτο7
1129 1299 1209 1332 οὐδ’
1229 1298 1274 1331 ἂν
1299 1298 1396 1338 ὅλως
1423 1301 1576 1331 κινοῖτο.

157 1362 201 1395 cf.
228 1362 400 1396 Themist.
427 1363 589 1406 paraphr.
618 1363 730 1395 Arist.
758 1363 861 1405 phys.
889 1363 923 1396 Δ
951 1363 972 1396 8
1000 1375 1034 1406 p.
1053 1363 1172 1402 ‘2929
1192 1374 1269 1405 sqq.
1298 1363 1428 1405 Speng.

62 1447 134 1481 280
279 1445 426 1478 ΑΕΤῙνε
451 1451 466 1477 1
495 1444 549 1483 12,
565 1445 585 1477 5
612 1455 647 1487 p.
665 1445 752 1477 311²
770 1446 813 1478 10
832 1446 875 1478 D.
904 1445 1014 1487 (Plut.
1034 1453 1047 1477 1
1069 1445 1123 1483 12,
1140 1445 1159 1477 3
1186 1445 1286 1477 Stob.
1308 1444 1374 1476 ecl.
1393 1444 1452 1486 ph.
1469 1444 1526 1486 14,
1545 1443 1580 1488 1)

159 1510 341 1544 κινεῖσθαι
367 1508 407 1543 δὲ
434 1509 482 1543 τὰ
510 1509 632 1551 ἄτομα
657 1510 747 1543 τοτε
775 1509 841 1551 μὲν
869 1509 965 1543 κατὰ
992 1509 1175 1551 στάθμην,
1200 1509 1290 1542 τοτὲ
1314 1508 1353 1542 δὲ
1372 1508 1469 1542 κατὰ
1488 1519 1580 1551 παρ-

101 1585 136 1610 20
160 1574 334 1616 έγκλισιν,
361 1574 409 1608 τὰ
437 1573 478 1608 δὲ
506 1574 586 1608 ἄνω
612 1574 814 1616 κινούμενα
841 1575 937 1607 κατὰ
966 1575 1116 1616 πληγὴν
1143 1575 1203 1608 καὶ
1231 1573 1469 1616 ἀποπαλμόν.

158 1639 255 1671 idem
281 1647 296 1672 1
322 1639 379 1678 23,
403 1639 425 1672 4
455 1650 489 1682 p.
511 1638 580 1672 319
597 1640 643 1671 D.
671 1639 780 1682 (Plut.
809 1647 822 1671 1
850 1639 907 1677 23,
930 1641 944 1672 1
977 1639 1076 1672 Stob.
1107 1639 1172 1672 ecl.
1201 1639 1301 1681 phys.
1335 1638 1388 1676 19,
1411 1639 1445 1681 l)
1488 1636 1582 1671 Ἐπί-

162 1713 300 1747 κουρος
335 1703 404 1737 δύο
437 1703 518 1746 εἴδη
552 1704 619 1745 τῆς
655 1703 850 1745 κινήσεως7
891 1704 935 1736 τὸ
970 1702 1065 1736 κατὰ
1103 1702 1275 1745 στάθμην
1312 1703 1372 1736 καὶ
1404 1702 1450 1736 τὸ
1486 1702 1583 1736 κατὰ

158 1768 412 1811 παρέγκλισιν.

208 1860 275 1892 DE
301 1859 684 1892 DECLINATIONE
710 1860 1007 1892 ATOMORVM

66 1941 132 1976 281
283 1940 426 1975 CICERO
454 1942 498 1974 de
527 1941 660 1974 finibus
688 1950 702 1975 Ι
729 1942 761 1981 6,
792 1943 835 1975 18
874 1942 1071 1985 ‘Epicurus
1099 1947 1215 1974 autem
1242 1944 1278 1974 in
1305 1942 1439 1985 quibus
1469 1943 1584 1986 sequi·

103 2016 138 2040 ⁴26
161 2011 218 2038 tur
236 2006 492 2045 Democ‘ritum,
519 2017 592 2039 non
610 2007 684 2039 sere
703 2007 837 2060 labitug
861 2033 866 2040 .
888 2033 895 2040 .
919 2033 924 2039 .
946 2033 952 2040 .
982 2007 1066 2039 illae
1086 2007 1235 2050 Epicuri
1254 2008 1420 2050 propriae
1442 2007 1583 2039 ruinae:
1651 2007 1655 2011 ’

163 2076 286 2103 censet
319 2071 410 2103 enim
446 2071 571 2103 eadem
602 2072 668 2103 illa
702 2072 890 2103 indiuidua
921 2078 955 2103 et
983 2071 1100 2103 solida
1128 2082 1277 2114 corpora
1303 2072 1386 2103 ferri
1418 2072 1585 2104 deorsum

164 2146 229 2168 suo
261 2136 422 2179 pondere
458 2136 503 2168 ad
540 2136 682 2174 lineam,
724 2136 818 2168 hunc
853 2136 1050 2168 naturalem
1086 2146 1165 2168 esse
1202 2137 1360 2168 omnium
1396 2147 1585 2179 corporum

75 2207 141 2240 (19)
163 2205 308 2233 motum.
353 2201 485 2233 deinde
510 2201 647 2233 ibidem
674 2201 782 2234 homo
810 2206 947 2239 acutus,
985 2212 1062 2233 curn
1089 2201 1181 2233 illud
1210 2207 1421 2240 occurreret,
1459 2202 1488 2234 si
1517 2213 1588 2234 om-

106 2274 141 2300 30
164 2265 224 2297 nia
242 2265 392 2298 deorsus
418 2277 437 2298 e
463 2267 610 2307 regione
635 2267 812 2299 ferrentur
841 2272 875 2298 et
901 2271 940 2299 ut
966 2267 1038 2298 dixi
1064 2267 1109 2298 ad
1128 2267 1271 2310 lineam,
1299 2278 1489 2310 numquam
1509 2268 1587 2300 fore

164 2334 204 2362 ut
229 2334 367 2363 atomus
400 2330 512 2362 altera
547 2331 693 2363 alteram
726 2336 850 2373 posset
886 2331 1060 2372 attingere
1094 2332 1214 2374 itaque
1245 2345 1260 2361 t
1286 2345 1300 2361 ηι
1321 2355 1329 2370 ,
1370 2331 1489 2364 attulit
1515 2342 1588 2364 rem

285 2445 333 2479 20
358 2447 420 2480 καὶ
443 2446 518 2481 ὑπὸ
545 2447 694 2489 παλμόν
722 2448 822 2481 Stob.
857 2447 953 2481 κατὰ
979 2447 1128 2489 παλμόν
1157 2447 1252 2480 ΡΙιιι.
1294 2445 1311 2492 Η
1352 2447 1399 2480 23
1429 2447 1588 2479 additum

165 2504 253 2536 olim
272 2504 383 2537 fuisse
401 2505 470 2538 hoc
489 2506 563 2537 fere
590 2507 651 2540 καὶ
676 2505 806 2549 τρίτον
834 2506 875 2540 δὲ
900 2505 945 2539 τὸ
973 2505 1069 2539 κατὰ
1094 2506 1244 2548 πληγὴν
1274 2506 1332 2539 καὶ
1359 2505 1586 2547 ἀποπαλμὸν

165 2563 281 2604 αὐτὸς
309 2563 537 2606 ἐπεισήγαγε
571 2565 679 2597 fidem
711 2565 844 2596 faciunt
876 2576 967 2608 quae
998 2565 1093 2608 apud
1122 2565 1318 2596 stobaeum
1347 2564 1590 2605 adiunguntur

166 2621 236 2656 εἰσὶ
264 2623 305 2657 δέ
331 2633 430 2664 τινες
456 2622 492 2658 οἳ
518 2625 578 2658 καὶ
612 2624 797 2667 τέταρτον
831 2624 930 2664 εἶδος
964 2623 1159 2665 εἰσάγουσι
1193 2623 1238 2656 τὸ
1271 2624 1352 2657 κατ’
1381 2622 1527 2665 οὐσίαν,
1564 2623 1584 2656 ὅ

165 2683 236 2725 πέρ
266 2683 347 2717 ἑστι
373 2683 418 2717 τὸ
445 2684 541 2718 κατὰ
567 2684 726 2725 γένεσιν.
773 2685 877 2718 ἄλλοι
905 2684 946 2718 δὲ
973 2684 1033 2717 καὶ
1059 2684 1130 2725 τὴν
1159 2683 1403 2726 διανοητικὴν
1431 2691 1586 2725 προστι-

168 2741 292 2777 θὲασι·
319 2741 426 2787 μέχρι
450 2743 523 2787 γὰρ
550 2746 629 2778 τῶν
655 2743 770 2779 πέντε
796 2743 1020 2788 προῦβησαν
1064 2743 1079 2788 ΙΙ
1124 2744 1167 2778 31
1197 2743 1333 2776 hiatum
1360 2743 1484 2776 notaui
