1846 3288
78 482 142 515 101

626 217 870 249 EPISTVLA
896 217 1133 250 SECVNDA
1544 218 1590 252 45

169 339 275 381 σεις,
307 328 375 370 καὶ
406 328 514 370 κατὰ
544 329 832 381 παρατρίψεις
861 332 1012 382 νεφῶν
1043 331 1113 372 καὶ
1142 329 1292 382 τάσεις
1321 331 1446 380 πῆξιν
1478 329 1589 382 εἰλη-

170 401 323 453 φότων
361 403 720 452 κρυσταλλοειδῆ·
781 403 849 443 καὶ
880 403 930 444 τὸ
963 402 1068 444 ὅλον
1104 403 1173 444 καὶ
1203 405 1334 445 τοῦτο
1375 404 1425 444 τὸ
1457 404 1589 454 μέρος

169 476 427 525 πλεοναχῶς
458 474 653 523 γίνεσθαι
685 475 826 524 λέγειν
857 475 1095 518 ἐκκαλεῖται
1126 476 1178 517 τὰ
1210 476 1467 527 φαινόμενα.
1515 477 1589 517 Καὶ

170 546 389 598 ἀστραπαὶ
411 550 447 589 δ’
470 546 686 598 ὡσαύτως
717 548 909 597 γίνονται
941 550 1049 590 κατὰ
1076 549 1255 600 πλείους
1276 549 1489 600 τρόπους’
1520 549 1589 590 καὶ

128 637 143 663 ε,
169 620 252 670 γὰρ
274 620 381 661 κατὰ
411 620 676 671 παράτριψιν
707 621 774 662 καὶ
806 620 1073 672 σύγκρουσιν
1104 623 1254 672 νεφῶν
1276 621 1300 662 ὁ
1323 622 1461 673 πυρὸς
1483 620 1588 663 ἀπο-

113 997 144 1021 10

113 1363 143 1388 1⁵

168 694 417 743 τελεστικὸς
463 693 763 744 σχηματισμὸς
810 693 1121 734 ἐξολισθαίνων
1165 692 1393 745 ἀστραπὴν
1436 697 1588 748 γεννᾷ·

168 765 238 805 καὶ
272 767 363 806 κατ’
396 765 648 816 ἐκριπισμὸν
686 765 732 806 ἐκ
769 767 858 806 τῶν
895 767 1044 816 νεφῶν
1083 764 1167 807 ὑπὸ
1205 765 1463 816 πνευμάτων
1499 768 1587 808 τῶν

168 837 380 879 τοιούτων
411 838 630 889 σωμάτων
662 838 688 878 ἃ
720 838 798 888 τὴν
830 838 1088 888 λαμπηδόνα
1119 838 1280 889 ταύτην
1311 839 1586 890 παρασκευά-

170 913 241 961 ζει,
284 910 353 951 καὶ
394 909 483 951 κατ’
517 910 769 961 ἐκπιασμόν,
815 912 1006 962 θλίψεως
1043 913 1130 952 τῶν
1168 914 1318 962 νεφῶν
1356 912 1587 962 γινομένης

169 981 208 1024 εἴ
236 985 273 1023 θ’
305 981 373 1024 ὑπ’
408 982 610 1033 ἀλλήλων
642 982 680 1025 εἴ
708 982 745 1024 θ’
779 984 862 1025 ὑπὸ
894 984 1176 1034 πνευμάτων·
1237 985 1306 1025 καὶ
1337 983 1426 1025 κατ’
1461 984 1585 1035 ἐμπε-

168 1055 341 1106 ρίληψιν
366 1057 414 1097 δὲ
436 1058 514 1098 τοῦ
547 1056 633 1098 ἀπὸ
665 1059 752 1097 τῶν
782 1056 958 1107 ἄστρων
991 1058 1390 1109 κατεσπειραμένου
1422 1056 1586 1108 φωτός,

168 1127 258 1170 εἶτα
304 1130 688 1179 συνελαυνομένου
730 1129 814 1170 ὑπὸ
858 1132 934 1180 τῆς
980 1130 1193 1181 κινήσεως
1238 1132 1388 1182 νεφῶν
1430 1143 1475 1171 τε
1517 1130 1586 1170 καὶ

167 1201 427 1252 πνευμάτων
469 1203 537 1244 καὶ
578 1203 903 1254 διεκπίπτοντος
946 1205 1014 1244 διὰ
1054 1206 1143 1245 τῶν
1182 1205 1351 1254 νεφῶν·
1412 1203 1436 1253 ἢ
1477 1203 1586 1244 κατὰ

168 1273 366 1324 διήθησιν
396 1274 519 1328 (διὰ)
554 1277 642 1316 τῶν
679 1277 829 1327 νεφῶν
867 1278 944 1317 τοῦ
986 1276 1392 1328 λεπτομερεστάτου
1434 1276 1585 1327 φωτὸς

167 1346 236 1387 καὶ
272 1347 350 1397 τὴν
387 1347 546 1389 τούτου
587 1348 770 1398 κίνησιν·
832 1348 899 1388 καὶ
943 1349 1051 1389 κατὰ
1090 1349 1169 1398 τὴν
1215 1351 1292 1389 τοῦ
1338 1348 1585 1398 πνεύματος

167 1418 412 1471 ἐκπύρωσιν
443 1422 520 1471 τὴν
551 1421 782 1472 γινομένην
814 1421 883 1463 διά
915 1435 960 1462 τε
992 1422 1227 1463 συντονίαν
1259 1423 1404 1473 φορᾶς
1426 1420 1495 1462 καὶ
1516 1420 1585 1462 διὰ

310 1555 331 1587 6
358 1554 442 1596 περὶ
470 1553 665 1596 ἀστραπῆς
703 1561 867 1586 m’ssmm
897 1555 925 1584 F

290 1613 333 1645 14
358 1612 529 1655 φωτός·
584 1612 606 1653 ἢ
641 1612 715 1646 ἀπὸ
748 1615 816 1646 τοῦ
852 1613 969 1655 πυρὸς
1003 1613 1101 1654 νέφη
1137 1613 1390 1654 συνεφλέχθαι
1424 1613 1485 1646 καί
1517 1613 1585 1654 τὰς

166 1671 324 1714 βροντὰς
350 1670 614 1705 ἀποτελεῖσθαι
653 1679 961 1704 ADDITAMENTVM

289 1797 306 1828 l
335 1796 396 1829 καὶ
424 1801 504 1828 ante
531 1795 626 1829 κατὰ
662 1806 718 1828 om
746 1796 763 1827 f
794 1796 798 1837 Ι
839 1795 1065 1839 τιεριτρίψεις
1094 1796 1146 1827 H²
1183 1797 1187 1837 Ι
1223 1798 1352 1838 νεφῶν
1379 1797 1507 1839 BP¹Q:
1543 1798 1583 1832 δὲ

164 1856 295 1897 νεφῶν
320 1855 479 1896 1⁴·HP2's1
501 1854 622 1895 τάξεις
648 1855 782 1896 BHPQ
817 1855 1031 1895 διαστάσεις
1057 1856 1086 1886 F
1113 1855 1283 1896 κατάξεις
1310 1856 1348 1897 f!
1372 1855 1467 1889 πίξιν
1495 1857 1547 1887 H¹
1571 1854 1582 1898 Η

166 1913 187 1946 2
213 1914 486 1957 κρυσταλοειδῆ
514 1914 601 1946 FHf
630 1914 635 1955 1
669 1914 713 1947 τὸ
741 1914 829 1948 ὁλον
859 1915 1030 1957 prosodia
1065 1925 1164 1946 erasa
1191 1915 1220 1946 P
1262 1914 1276 1957 ss
1316 1915 1335 1948 3
1364 1917 1584 1957 πλεοναχῶς

167 1985 224 2006 om
243 1974 315 2016 ΠΙ
339 1973 548 2015 ἐγκαλεῖται
567 1973 619 2005 Ηι
655 1972 669 2016 ΙΙ
703 1975 724 2007 4
752 1974 803 2014 ὡς
828 1974 954 2014 αὕτως
972 1973 1087 2017 F(P¹)
1111 1974 1115 2016 Ι
1138 1973 1281 2015 γίνεται
1300 1974 1354 2005 }1¹
1388 1974 1403 2017 ss
1438 1974 1458 2007 5
1482 1973 1583 2016 περί-

165 2042 292 2075 τριψιν
320 2033 372 2064 Ηι
407 2032 413 2074 1
448 2031 520 2075 mi}
548 2033 627 2065 fort.
653 2032 676 2073 ἢ
731 2033 746 2075 ΙΙ
801 2036 821 2065 ϋ
849 2032 1116 2066 ἐξολισθαίνων
1144 2034 1172 2065 P
1205 2032 1485 2067 ἀπολισθαίνων
1512 2034 1541 2064 F
1573 2031 1585 2078 Η

166 2091 187 2123 7
214 2090 434 2134 ἐκριπισμὸν
459 2089 590 2133 B¹P¹Q
615 2091 846 2133 ἑκριπισμῶν
873 2092 923 2123 H¹
957 2092 961 2133 Ι
990 2093 1068 2125 τῶν
1095 2093 1282 2126 τοιούτων
1310 2093 1499 2134 σωμάτων
1526 2105 1583 2126 om

165 2149 222 2191 Εἰ,
254 2151 332 2183 τῶν
359 2161 417 2182 om
443 2150 498 2182 Hs
557 2150 572 2193 ss
630 2149 650 2182 9
681 2149 760 2183 κατ’
792 2151 962 2192 ἑπασμὸν
993 2151 1010 2182 f
1044 2154 1049 2191 1
1092 2151 1294 2192 ἑκπιεσμὸν
1329 2153 1535 2184 Gassendus
1573 2154 1585 2197 Η

169 2209 212 2242 10
239 2207 335 2242 κατὰ
367 2208 568 2251 περίληψιν
595 2209 650 2240 Hs
710 2209 725 2252 ΙΙ
786 2211 825 2242 11
855 2209 947 2253 ἀπὸ]
976 2209 1049 2243 ὑπὸ
1076 2211 1106 2242 F
1144 2210 1150 2252 Ι
1193 2211 1505 2254 κατεσπαρμένου
1540 2212 1582 2245 ci.

164 2266 405 2300 Schneiderus
439 2266 454 2310 ΙΙ
492 2269 534 2302 13
561 2273 643 2311 post
670 2270 799 2310 νεφῶν
827 2269 945 2300 locum
964 2269 1102 2301 circiter
1120 2277 1173 2302 xv
1193 2269 1297 2302 litter.
1320 2281 1456 2302 erasum
1474 2269 1584 2303 habet

165 2326 196 2357 F
228 2325 244 2370 u
282 2327 324 2359 14
349 2326 409 2360 διὰ
435 2327 632 2370 interposui
656 2328 661 2369 1
683 2327 946 2362 λεπτοστάτου
965 2328 1009 2359 F·
1051 2328 1065 2370 l!
1103 2329 1144 2362 15
1174 2329 1271 2372 prius
1298 2328 1374 2372 καὶ]
1401 2330 1460 2362 καὶ
1487 2328 1581 2362 κατὰ

166 2384 261 2418 libri.
289 2385 357 2417 nisi
384 2386 464 2427 quis
491 2386 581 2418 forte
608 2392 690 2429 post
716 2387 847 2428 φωτός
875 2387 973 2419 hiare
1002 2388 1197 2420 orationem
1224 2393 1354 2420 statuet
1388 2389 1393 2430 Ι
1428 2390 1498 2422 τοῦ
1525 2399 1582 2420 om

166 2443 214 2475 Fs
250 2441 268 2488 11
311 2444 355 2477 16
380 2444 583 2478 συντονίαν
609 2456 650 2476 ex
679 2445 893 2488 συμφονίαν
920 2457 998 2478 corr
1024 2447 1053 2478 Β
1088 2446 1287 2487 συντονίας
1313 2448 1342 2478 F
1365 2447 1370 2488 Ι
1393 2449 1525 2490 φωρᾶς
1553 2448 1583 2479 Β

290 2501 332 2535 18
358 2502 465 2543 νέφει
483 2503 535 2535 H¹
559 2504 565 2543 1
588 2503 822 2545 συνειλέχθαι
841 2504 936 2538 libri.
966 2511 1189 2546 augmentum
1217 2516 1289 2537 non
1317 2505 1480 2537 dubitaui
1506 2517 1582 2550 per-

166 2561 260 2594 fecto
278 2561 485 2604 praesertim
504 2563 684 2595 rarissimo
705 2564 901 2601 restituere,
921 2568 958 2596 ut
977 2564 1150 2596 Seleucus
1168 2564 1351 2596 Athenaei
1373 2571 1425 2597 xv
1444 2575 1476 2606 p.
1493 2564 1580 2598 6990

167 2619 399 2661 ἐθλασμένον
425 2621 515 2653 dixit
540 2626 575 2653 et
600 2621 777 2664 Crobylus
805 2632 893 2655 com.
921 2633 970 2664 gr.
997 2630 1038 2655 lv
1063 2634 1097 2666 p.
1118 2623 1187 2656 566
1214 2622 1309 2656 haud
1337 2623 1412 2655 scio
1440 2634 1483 2655 an
1510 2633 1582 2655 non

165 2677 320 2721 τέθλιφε
346 2680 444 2722 quod
470 2680 738 2713 Herwerdenus
772 2681 924 2714 feliciter
956 2682 1046 2714 eruit
1073 2682 1137 2715 sed
1168 2692 1247 2714 cum
1281 2682 1372 2714 crasi
1401 2682 1582 2725 scripserit

167 2737 192 2780 ἡ
217 2748 286 2772 τοι,-
314 2737 395 2780 βίου
423 2739 586 2782 ὑγρότης
611 2749 655 2782 με
679 2742 749 2774 τοῦ
776 2743 846 2774 σοῦ
874 2741 1003 2783 ἔθλιφε
