1842 3250
219 962 288 995 409

313 248 383 282 278
809 250 1015 282 EPICVRI
1043 251 1229 282 ETHICA

312 365 367 405 τῷ
399 361 563 404 κελύφει,
598 362 644 395 τὸ
672 362 742 396 οὖν
769 365 838 396 τοῦ
868 362 1072 406 ἀνθρώπου
1099 360 1217 404 εἰκός
1257 362 1303 397 σὺ
1331 361 1362 396 δ’
1390 362 1506 404 αὐτός
1531 373 1566 397 τι
1592 363 1725 407 κυριώ-

313 437 425 469 τερον
452 426 558 468 ἔχεις,
587 425 790 469 Ἐπίκουρε.
839 425 875 461 τί
901 427 1003 461 ἐστιν
1030 427 1069 460 ἐν
1097 426 1156 461 σοὶ
1182 426 1228 460 τὸ
1254 426 1540 469 βουλευόμενον,
1576 427 1621 461 τὸ
1648 427 1724 462 ἐπι-

314 491 573 532 σκεπτόμενον
601 491 753 531 ἕκαστα,
781 489 824 524 τὸ
851 491 935 533 περὶ
961 492 1029 532 τῆς
1056 490 1194 533 σαρκὸς
1219 490 1347 532 αὐτῆς,
1382 490 1440 524 ὅτι
1465 490 1511 524 τὸ
1536 491 1726 535 προηγού-

314 555 427 597 μενόν
456 555 571 596 ἐστιν,
599 554 806 598 ἑπικρῑνον;

314 621 355 653 cs.
385 628 399 652 1
426 620 484 657 23,
517 620 530 650 1
565 618 784 662 Ἐπίκουρος
811 645 845 652 ..
867 644 874 652 .
903 619 943 652 ἐν
968 621 1023 663 τῷ
1050 619 1202 661 κελύφει
1229 619 1304 659 θεὶς
1329 618 1373 652 τὸ
1400 618 1544 660 ἀγαθὸν
1570 619 1687 661 ἡμῶν.
1755 629 1771 655 5

314 684 407 715 idem
434 683 521 716 ibid‘
551 691 576 715 ιι
604 683 661 721 23,
688 683 734 716 20
773 684 853 716 εἶτα
881 683 919 725 (ἡ
947 681 1178 725 προαίρεσις)
1205 682 1412 726 τηλικαύτη
1445 683 1599 725 δύναμις
1631 683 1727 717 οὖσα

314 749 374 782 καὶ
402 750 492 781 πᾶσι
519 750 598 788 τοῖς
625 748 750 788 ἄλλοις
777 747 1062 789 ἑπιτεταγμένη,
1090 749 1331 790 παρελθοῦσα
1358 748 1445 790 ἡμῖν
1471 748 1614 789 λεγέτω
1641 747 1727 790 κρά-

314 822 445 847 τιστον
473 813 567 846 εἶναι
593 815 672 846 τῶν
696 812 822 846 ὄντων
848 813 918 855 τὴν
946 813 1075 856 σάρκα.
1130 813 1209 846 οὺδ’
1239 812 1270 847 εἰ
1297 813 1393 855 αὐτὴ
1420 813 1443 855 ἡ
1471 813 1562 856 σὰρξ
1589 813 1727 856 ἑαυτὴν

315 878 442 918 ἔλεγεν
471 877 564 911 εἶναι
591 877 804 920 κράτιστον,
834 877 1004 920 ἠνέσχετ’
1032 876 1077 912 ἄν
1105 887 1160 918 τις
1186 877 1313 919 αὐτῆς.

428 958 537 1010 ἀρχὴ
570 958 639 999 καὶ
670 957 762 1010 ῥίζα
792 958 956 1008 παντὸς
988 957 1155 1007 ἀγαθοῦ
1187 957 1212 1009 ἡ
1244 960 1321 1008 τῆς
1351 958 1543 1009 γαστρὸς
1573 958 1727 1009 ἡδονή·

315 1032 383 1073 καὶ
406 1032 459 1072 τὰ
481 1031 606 1082 σοφὰ
628 1031 695 1072 καὶ
716 1031 769 1071 τὰ
790 1031 966 1081 περιττὰ
994 1030 1062 1071 ἐπὶ
1088 1030 1249 1081 ταύτην
1272 1030 1359 1081 ἔχει
1386 1031 1464 1081 τὴν
1485 1029 1728 1083 ἀναφοράν.

315 1105 554 1138 Awnmrmvs
574 1111 628 1136 ΧΠ
647 1115 680 1146 p.
696 1102 782 1136 546f
804 1104 863 1136 καὶ
882 1104 902 1137 ὁ
923 1102 1138 1146 Ἐπίκουρος
1157 1103 1197 1137 δέ
1215 1111 1351 1146 φησιν’
1381 1103 1493 1146 ἀρχὴ
1514 1130 1521 1137 .
1541 1130 1547 1137 .
1569 1130 1576 1137 .
1597 1130 1604 1137 .
1624 1103 1728 1138 ἀνα-

315 1169 475 1211 φοράν.
540 1169 634 1200 idem
662 1176 715 1200 vn
746 1179 777 1210 p.
798 1168 886 1201 2802
913 1167 1130 1211 Ἐπίκουρος
1156 1168 1228 1211 γὰρ
1255 1168 1301 1210 ἦν
1328 1168 1348 1201 ὁ
1375 1168 1526 1202 τούτων
1555 1167 1728 1201 διδάσκα-

315 1236 389 1276 λος,
418 1233 459 1274 ὂς
485 1234 544 1266 καὶ
573 1234 672 1275 βοῶν
699 1233 828 1274 ἔλεγεν
854 1233 971 1276 ἀρχὴ
999 1260 1034 1266 ..
1056 1259 1090 1267 ..
1119 1232 1372 1276 ἀναφοράν.

317 1297 580 1331 λῖΕΤΙιςιῡοιιιέ
612 1299 715 1341 epist.
736 1299 779 1330 ad
810 1299 1032 1330 fimocratcm
1061 1299 1200 1330 fratrem
1228 1299 1281 1336 (fr.
1301 1306 1375 1330 xm
1399 1309 1432 1341 p.
1452 1299 1494 1330 51
1518 1298 1648 1340 Duen.)
1676 1308 1729 1341 ap.

316 1363 544 1394 Plutarchum
573 1368 693 1394 contra
720 1364 865 1405 Epicuri
893 1363 1014 1395 beatit.
1047 1363 1086 1396 16
1113 1374 1146 1405 p.
1169 1361 1279 1395 1098st
1319 1363 1370 1403 ὡς
1406 1363 1466 1396 καὶ
1500 1361 1638 1405 ἐχάρην
1671 1362 1731 1395 καὶ

318 1427 594 1469 ἐθρασυνάμην,
623 1425 681 1459 ὅτι
700 1426 841 1466 ἔμαθον
860 1427 945 1468 παρ’
966 1426 1186 1468 Ἐπικούρου
1212 1424 1334 1468 ὀρθῶς
1356 1425 1488 1468 γαστρὶ
1507 1424 1731 1467 χαρίζεσθαι.

318 1492 361 1523 cs.
388 1492 602 1523 Plutarchus
630 1492 709 1523 adu.
738 1490 891 1522 Coloten
919 1491 964 1523 30
992 1502 1025 1533 p.
1050 1491 1158 1523 1125Βι
1198 1489 1233 1524 οἱ
1259 1490 1343 1533 περὶ
1370 1490 1536 1532 γαστέρα
1563 1488 1730 1530 τάγαθὸν

317 1557 522 1599 ἡγούμενοι
550 1556 607 1589 καὶ
636 1556 726 1596 τοὺς
753 1556 888 1595 ἄλλους
915 1555 1059 1597 πόρους
1086 1555 1131 1588 δι’
1161 1554 1215 1588 ὧν
1242 1554 1362 1597 ἡδονὴ
1390 1553 1646 1597 παραγίνεται.

318 1622 405 1655 ibid.
436 1622 455 1652 2
484 1633 517 1664 p.
541 1621 647 1653 11030
674 1620 709 1654 οἱ
734 1621 817 1664 περὶ
844 1621 1010 1663 γαστέρα
1034 1620 1202 1661 τάγαθὸν
1230 1621 1324 1654 εἶναι
1353 1621 1517 1661 βοῶντες
1543 1637 1609 1652 -.

318 1687 412 1718 idem
439 1691 561 1718 contra
587 1685 689 1728 Epic.
717 1685 840 1717 beatit.
872 1685 913 1717 17
940 1696 972 1727 p.
997 1683 1104 1717 1095&
1146 1683 1181 1718 οἱ
1209 1684 1402 1727 ἄνθρωποι
1428 1684 1497 1725 τῆς
1522 1683 1663 1726 ἡδονῆς
1688 1682 1733 1716 τὸ

319 1751 477 1792 μέγεθος
503 1750 599 1783 καθά
623 1760 693 1792 περ
719 1750 863 1793 κέντρῳ
890 1749 950 1782 καὶ
976 1748 1200 1791 διαστήματι
1219 1751 1265 1792 τῇ
1285 1748 1419 1791 γαστρὶ
1445 1747 1732 1791 περιγράφουσι.

319 1815 460 1847 (Ἰθιεπιο
490 1825 538 1847 or.
560 1815 596 1846 in
617 1815 657 1847 L.
678 1814 846 1846 Pisonem
866 1814 923 1851 27,
943 1813 987 1846 66
1014 1813 1124 1845 ‘solet
1151 1814 1243 1845 enim
1268 1813 1304 1845 in
1332 1812 1633 1855 disputationibus
1660 1811 1732 1843 suis

320 1879 504 1911 oculorum
532 1884 566 1910 et
592 1879 727 1910 aurium
758 1878 991 1910 delectationi
1019 1878 1222 1910 abdominis
1251 1877 1455 1920 uoluptates
1482 1875 1684 1909 anteferre'.

318 1945 362 1977 cs.
381 1943 594 1976 Plutarchus
614 1948 736 1975 contra
755 1944 900 1986 Epicuri
927 1943 1048 1977 beatit.
1076 1942 1097 1974 2
1124 1953 1156 1985 p.
1182 1941 1290 1975 1087¹³
1315 1945 1450 1984 παπαῖ,
1479 1942 1585 1975 εἶπον
1613 1940 1733 1982 ἔγωγε

439 2076 461 2108 4
488 2074 605 2120 ἐστιν]
635 2076 713 2109 ἐστι
740 2076 785 2109 τὸ
812 2076 894 2108 libri
926 2073 931 2119 Ι
969 2076 1155 2118 sequentia
1181 2075 1292 2107 habes
1316 2086 1351 2118 p.
1370 2074 1428 2112 87,
1449 2074 1490 2106 11
1538 2072 1544 2118 Ι
1590 2074 1611 2106 9
1638 2074 1735 2116 quod

321 2135 480 2177 sequitur
506 2135 617 2166 habes
644 2146 678 2177 p.
702 2135 781 2173 105,
799 2135 820 2167 4
841 2140 875 2167 et
896 2136 975 2173 144,
992 2135 1036 2167 24
1078 2134 1093 2177 Η
1141 2135 1182 2167 10
1207 2134 1251 2167 cs„
1272 2134 1500 2166 Metrodorus
1520 2133 1559 2166 fr.
1578 2140 1621 2164 VI
1640 2143 1672 2175 p.
1689 2132 1734 2165 47

319 2193 437 2225 Duen.
464 2195 547 2236 περὶ
574 2194 741 2237 γαστέρα
768 2194 850 2237 γάρ,
878 2194 909 2227 ὧ
936 2194 1144 2236 φυσιολόγε
1165 2193 1404 2236 Τιμόκρατες,
1432 2192 1477 2226 τὸ
1504 2191 1648 2233 ἀγαθὸν
1675 2192 1735 2225 καὶ

320 2253 436 2286 καλόν
458 2258 490 2284 et
511 2260 565 2285 vu
592 2265 624 2295 p.
645 2253 691 2286 48
718 2255 801 2296 περὶ
829 2253 996 2296 γαστέρα
1023 2254 1043 2287 ὁ
1071 2253 1166 2287 κατὰ
1194 2253 1309 2295 φύσιν
1337 2251 1497 2294 βαδίζων
1527 2251 1639 2292 λόγος
1665 2251 1735 2293 τὴν

321 2311 472 2345 ἅπασαν
500 2311 574 2353 ἔχει
600 2311 783 2354 σπουδήν,
824 2313 918 2344 unde
938 2312 1079 2344 Timoni
1099 2312 1171 2344 sill.
1192 2312 1231 2343 fr.
1250 2319 1314 2344 Lv1
1333 2322 1366 2354 p.
1384 2310 1428 2342 70
1443 2309 1629 2342 Wachsm.
1653 2309 1737 2352 Epi-

321 2381 423 2403 curus
443 2371 572 2402 dicitur
591 2371 724 2413 γαστρὶ
743 2371 996 2413 χαριζόμενος.
1025 2372 1066 2404 cf.
1087 2371 1242 2403 comicus
1262 2371 1421 2402 Sotionis
1441 2381 1495 2413 ap.
1513 2369 1646 2402 Athen.
1663 2376 1736 2402 x111

320 2441 353 2472 p.
374 2428 461 2462 336f
482 2430 594 2468 (Com.
623 2434 646 2463 t.
666 2437 710 2462 111
736 2441 769 2472 p.
791 2429 876 2469 395)
903 2430 1073 2473 τύρβαζε,
1101 2429 1233 2471 Μανῆ·
1261 2429 1426 2473 γαστρὸς
1452 2429 1564 2463 οὐδέν
1590 2428 1698 2470 ἥδιον
1728 2424 1732 2467 Ι

324 2490 362 2521 11
386 2489 429 2520 cf.
448 2489 541 2520 Plut.
563 2489 641 2520 adu.
663 2488 739 2521 Col.
761 2490 807 2522 30
825 2500 858 2531 p.
879 2488 988 2521 11:25²)
1015 2489 1034 2522 ὁ
1055 2488 1175 2530 σοφὸς
1193 2487 1453 2532 Μητρόδωρος
1471 2487 1592 2529 λέγων
1608 2486 1664 2530 [fr.
1679 2494 1734 2519 xu

321 2559 353 2590 p.
376 2548 420 2580 50
445 2546 577 2591 Duem]
606 2547 653 2580 τὰ
680 2547 774 2581 καλὰ
801 2547 924 2580 πάντα
952 2548 1011 2581 καὶ
1039 2547 1142 2589 σοφὰ
1169 2548 1229 2581 καί
1254 2547 1411 2590 περιττὰ
1437 2550 1506 2588 τῆς
1531 2549 1655 2590 ψυχῆς
1681 2547 1734 2580 ἐξ·

321 2605 515 2648 ευρήματα
541 2607 609 2647 τῆς
636 2606 731 2639 κατὰ
758 2605 878 2649 σάρκα
898 2607 1038 2649 ἡδονῆς
1062 2607 1172 2640 ἕνεκα
1198 2607 1258 2640 καὶ
1283 2609 1350 2648 τῆς
1376 2605 1526 2646 ἐλπίδος
1551 2608 1619 2647 τῆς
1640 2605 1735 2648 ὑπὲρ

321 2667 463 2708 ταύτης
490 2665 726 2706 συνεστάναι,
756 2666 814 2699 καὶ
841 2667 915 2698 πᾶν
944 2667 1037 2700 εἶναι
1064 2665 1173 2700 κενὸν
1198 2666 1309 2708 ἔργον
1335 2665 1354 2699 ὃ
1378 2666 1427 2707 μή
1453 2665 1504 2706 εἰς
1528 2667 1643 2699 τοῦτο
1671 2675 1734 2698 κα-

321 2724 482 2758 τατείνει
506 2723 511 2767 Ι
535 2725 593 2758 καὶ
620 2730 703 2767 post
729 2724 831 2766 σοφὰ
858 2735 915 2756 om
933 2725 1019 2757 Ath.
1039 2733 1093 2757 xn
1117 2724 1122 2769 Ι
1145 2725 1306 2767 περισσὰ
1330 2725 1419 2759 ibid,
1442 2723 1448 2768 1
1471 2722 1546 2768 ἐπὶ]
1572 2723 1622 2765 εἰς
1646 2724 1733 2756 Ath.

324 2791 377 2815 vn
408 2783 412 2828 Ι
441 2784 485 2816 22
506 2783 651 2828 κέντρῳ
671 2786 730 2818 καὶ
751 2783 986 2828 διαστήματι]
1004 2785 1045 2817 cf.
1065 2785 1159 2817 Plut.
1180 2786 1223 2817 de
1244 2785 1360 2829 cupid.
1378 2785 1479 2817 diuit.
1496 2780 1734 2827 41›.524fa11.

1757 972 1788 996 10

1759 1303 1790 1331 15

1757 1627 1791 1653 20

1758 1949 1791 1975 25
