1842 3250
279 221 320 255 fr.
347 221 417 255 397
772 222 978 256 EPICVRI
1003 223 1190 256 ETHICA
1621 223 1692 258 267

278 339 371 371 secto
406 338 537 370 malum
572 342 626 369 est
656 338 778 369 uiuere
806 348 884 370 cum
917 338 1062 370 dolore:
1103 339 1159 372 cui
1187 340 1384 371 sententiae
1416 345 1694 372 consentaneum

278 407 332 436 est
363 402 525 435 ultimum
553 412 632 434 esse
659 402 834 434 bonorum
866 413 945 434 cum
976 403 1162 446 uoluptate
1187 403 1321 436 uiuere.
1371 414 1437 436 nec
1464 404 1557 435 euim
1585 403 1693 435 habet

277 472 401 499 nostra
425 477 524 499 mens
560 467 748 509 quicquam
779 467 842 499 ubi
874 467 1047 500 consistat
1076 472 1254 509 tamquam
1283 468 1320 499 in
1347 472 1514 500 extremo.
1555 478 1692 500 omnes-

237 540 250 564 4
277 542 346 575 que
373 537 408 563 et
432 536 548 563 metus
576 536 611 563 et
638 531 881 572 aegritudines
911 532 955 563 ad
982 532 1146 564 dolorem
1174 532 1380 571 reseruntur,
1418 543 1482 565 nec
1508 536 1692 575 praeterea

191 601 253 634 (42)
277 601 331 628 est
357 606 412 627 res
438 594 513 627 ulla
537 605 628 638 quae
654 606 718 627 sua
741 600 864 628 natura
891 602 951 628 aut
976 596 1171 629 sollicitare
1197 597 1311 639 possit
1339 601 1398 628 aut
1425 606 1564 637 angere.
1593 607 1692 640 prae-

276 666 372 692 terea
399 664 434 692 et
460 660 652 702 appetendi
679 665 714 691 et
740 660 941 701 refugiendi
969 666 1002 692 et
1026 661 1171 693 omnino
1196 672 1310 693 rerum
1329 662 1564 702 gerendarum
1591 661 1692 693 initia

275 723 548 767 proficiscuntur
574 729 632 756 aut
659 735 678 756 a
705 724 890 768 uoluptate
917 731 976 758 aut
1002 737 1021 758 a
1048 725 1185 758 dolore.
1226 726 1323 768 quod
1350 736 1427 758 curn
1455 726 1504 757 ita
1531 726 1587 765 sit,
1614 736 1692 769 per-

276 788 437 832 spicuum
465 793 518 821 est
546 789 660 821 omnis
691 793 804 821 rectas
840 800 895 821 res
930 794 1035 833 atque
1067 790 1262 822 laudabilis
1296 801 1338 822 eo
1372 790 1509 829 referri,
1549 796 1586 822 ut
1612 800 1691 822 cum

275 852 460 896 uoluptate
486 853 640 886 uiuatur.
675 853 844 896 quoniam
872 859 987 886 autem
1014 854 1050 886 id
1080 859 1133 886 est
1158 855 1218 886 uel
1245 865 1417 886 summum
1443 855 1502 887 uel
1529 854 1691 886 ultimum

220 925 251 949 ιο
275 915 335 949 uel
363 921 555 949 extremum
581 917 758 949 bonorum
787 916 900 960 (quod
927 918 1055 950 Graeci
1079 918 1188 959 τέλος
1215 917 1423 962 nominant),
1451 919 1548 961 quod
1574 919 1689 961 ipsum

274 980 410 1013 nullam
436 981 481 1014 ad
508 981 614 1014 aliam
640 992 726 1020 rem,
754 983 798 1014 ad
826 983 862 1014 id
890 988 1005 1015 autem
1032 993 1089 1015 res
1119 983 1319 1016 referuntur
1345 993 1478 1022 omnes,
1508 984 1691 1015 fatendum

275 1050 329 1078 est
354 1057 528 1078 summum
556 1057 634 1079 esse
662 1047 795 1079 bonurn
821 1048 974 1079 iucunde
1000 1048 1134 1082 uiuere.

322 1111 360 1144 id
385 1111 509 1154 quiin
536 1122 604 1143 una
639 1112 770 1145 uirtute
803 1118 942 1155 ponunt
975 1119 1010 1146 et
1044 1113 1237 1156 splendore
1273 1114 1427 1146 nominis
1462 1114 1566 1156 capti,
1603 1114 1690 1157 quid
1732 1134 1739 1141 -

273 1180 397 1207 natura
414 1175 584 1217 postulet,
612 1186 684 1207 non
709 1176 935 1218 intellegunt,
963 1187 1081 1209 errore
1105 1178 1270 1213 maximo,
1298 1179 1326 1210 si
1347 1179 1538 1220 Epicurum
1567 1179 1689 1211 audire

216 1243 249 1270 15
273 1238 465 1277 noluerint,
488 1239 748 1273 liberabuntur.
776 1241 866 1272 istae
894 1241 987 1272 enim
1013 1247 1153 1273 uestrae
1179 1242 1328 1274 eximiae
1354 1241 1596 1284 pulchraeque
1620 1242 1689 1274 uir-

273 1308 366 1335 tutes
393 1303 463 1335 nisi
490 1304 710 1347 uoluptatem
748 1304 940 1344 efficerent,
979 1308 1059 1348 quis
1093 1317 1152 1338 eas
1187 1311 1245 1338 aut
1275 1306 1469 1338 laudabilis
1498 1310 1557 1337 aut
1585 1315 1689 1348 expe·

272 1367 398 1399 tendas
426 1368 679 1401 arbitraretur?
722 1374 760 1401 ut
788 1370 880 1401 enim
907 1370 1126 1402 medicorum
1154 1370 1337 1402 scientiam
1365 1381 1436 1402 non
1462 1370 1576 1412 ipsius
1605 1370 1687 1401 artis

272 1432 337 1464 sed
369 1432 487 1465 bonae
519 1433 738 1466 ualetudinis
774 1445 880 1466 causa
914 1435 1118 1478 probamus,
1161 1440 1195 1467 et
1227 1435 1476 1475 gubernatoris
1512 1445 1567 1467 ars
1604 1434 1689 1477 quia

271 1497 364 1530 bene
398 1499 595 1540 nauigandi
625 1500 798 1531 rationem
831 1500 958 1537 habet,
999 1500 1169 1538 utilitate,
1201 1510 1275 1532 non
1310 1506 1382 1531 arte
1419 1500 1595 1538 laudatur,
1636 1500 1687 1532 sic

215 1569 248 1595 ‘20
273 1563 460 1606 sapientia,
499 1574 590 1607 quae
618 1574 672 1596 ars
699 1565 847 1596 uiuendi
873 1566 1030 1608 putanda
1057 1570 1120 1603 est,
1161 1576 1234 1598 non
1262 1570 1496 1607 expeteretur,
1537 1565 1568 1596 si
1598 1565 1688 1597 nihil

273 1627 442 1660 efficeret.
469 1639 563 1661 nunc
590 1629 776 1672 expetitur,
805 1630 899 1672 quod
929 1634 982 1661 est
1008 1634 1186 1673 tamquam
1212 1630 1337 1662 artifex
1363 1630 1627 1673 conquirendae
1655 1635 1689 1662 et

183 1697 247 1731 (43)
273 1693 521 1735 conparandae
550 1693 748 1736 uoluptatis
776 1718 783 1726 .
804 1719 812 1726 .
833 1718 841 1725 .
862 1718 869 1725 .
909 1704 988 1726 narn
1015 1704 1094 1726 cum
1119 1694 1345 1735 ignoratione
1371 1704 1487 1726 rerum
1514 1694 1687 1726 bonarum

272 1763 308 1790 et
334 1757 506 1791 malarum
537 1759 688 1791 maxime
717 1759 900 1791 hominum
932 1759 1004 1791 uita
1038 1764 1186 1792 uexetur
1213 1760 1260 1792 ob
1288 1770 1439 1803 eumque
1472 1769 1627 1791 errorem
1654 1765 1689 1790 et

271 1819 519 1863 uoluptatibus
544 1822 707 1854 maximis
734 1832 842 1865 saepe
867 1823 1052 1865 priuentur
1078 1827 1113 1854 et
1137 1822 1338 1855 durissimis
1365 1823 1471 1855 animi
1498 1823 1686 1856 doloribus

213 1889 248 1915 25
271 1888 516 1927 torqueantur,
550 1886 726 1929 sapientia
754 1891 807 1918 est
834 1887 1050 1925 adhibenda,
1088 1897 1177 1930 quae
1206 1892 1240 1919 et
1265 1888 1459 1921 ten-oribus
1487 1888 1688 1931 cupiditati-

271 1948 412 1993 busque
440 1950 608 1983 detractis
635 1955 671 1983 et
698 1951 855 1983 omnium
882 1951 1048 1984 falsarum
1077 1951 1287 1995 opinionum
1314 1952 1512 1984 temeritate
1541 1951 1688 1994 derepta

272 2013 503 2046 certissimam
528 2024 568 2047 se
595 2015 704 2047 nobis
730 2007 857 2048 ducein
875 2016 1045 2058 praebeat
1071 2017 1116 2048 ad
1139 2015 1372 2059 uoluptatem.
1399 2016 1574 2059 sapientia
1593 2016 1686 2048 enim

272 2082 326 2110 est
350 2087 422 2110 una
452 2089 544 2121 quae
575 2080 786 2112 maestitiam
819 2079 933 2123 pellat
959 2090 1002 2112 ex
1030 2080 1166 2119 animis,
1207 2090 1299 2123 quae
1334 2091 1400 2113 nos
1435 2081 1686 2113 exhorrescere

270 2148 366 2175 metu
385 2152 457 2174 non
475 2143 578 2182 sinat,
607 2154 677 2186 qua
694 2144 936 2187 praeceptrice
955 2144 992 2176 in
1009 2144 1268 2186 tranquillitate
1291 2145 1365 2177 uiui
1384 2150 1504 2187 potest
1530 2145 1686 2178 omnium

213 2213 245 2239 ao
271 2207 506 2250 cupiditatum
525 2208 651 2240 ardore
672 2208 858 2241 restincto.
885 2209 1099 2251 cupiditates
1119 2209 1212 2241 enim
1231 2214 1313 2241 sunt
1329 2209 1566 2242 insatiabiles.
1594 2219 1685 2252 quae

270 2281 342 2303 non
366 2272 476 2304 modo
503 2272 667 2313 singulos
694 2272 857 2305 homines
884 2274 949 2305 sed
974 2274 1159 2305 uniuersas
1188 2273 1340 2306 familias
1368 2279 1542 2311 euertunt,
1576 2279 1684 2306 totam

179 2339 243 2373 (44)
270 2335 375 2368 etiam
398 2336 617 2369 labefactant
643 2348 749 2380 saepe
776 2348 848 2369 rem
874 2337 1066 2381 publicam.
1096 2348 1136 2370 ex
1156 2338 1412 2381 cupiditatibus
1431 2339 1515 2370 odia
1533 2339 1686 2370 discidia

270 2399 471 2433 discordiae
499 2402 696 2436 seditiones
716 2402 815 2434 bella
833 2408 1034 2441 nascuntur,
1061 2413 1126 2434 nec
1154 2413 1215 2435 eae
1241 2413 1279 2434 se
1307 2403 1393 2435 soris
1417 2404 1533 2435 solum
1552 2403 1684 2436 iactant

390 2516 410 2549 3
438 2518 513 2550 hiat
538 2518 747 2562 disputatio,
774 2519 955 2551 Ciceronis
983 2519 1088 2562 culpa
1114 2529 1155 2550 an
1183 2519 1420 2558 librariorum,
1447 2520 1534 2551 mihi
1552 2530 1623 2552 non
1643 2520 1684 2551 li-

269 2580 365 2618 quet.
395 2576 439 2608 de
467 2577 643 2609 sententia
670 2578 712 2610 cf.
740 2587 846 2620 supra
871 2588 905 2620 p.
924 2576 1006 2615 264,
1026 2579 1046 2610 4
1064 2588 1115 2619 sq.
1144 2577 1226 2614 265,
1244 2577 1266 2610 6
1283 2588 1335 2619 sq.
1362 2577 1475 2609 Arist.
1502 2583 1582 2609 met.
1612 2587 1634 2610 α
1661 2577 1682 2610 2

268 2645 302 2677 p.
316 2633 406 2668 994b
421 2634 530 2678 9sqq.
566 2636 571 2677 Ι
608 2635 628 2669 5
643 2640 710 2667 aut
729 2635 996 2677 tangerelibri:
1017 2646 1104 2668 corr.
1115 2636 1298 2667 Victorius
1334 2637 1339 2676 Ι
1378 2636 1421 2668 10
1439 2636 1481 2669 cs.
1499 2635 1655 2677 p 264,5
1681 2641 1685 2679 ξ

273 2693 412 2726 17-19
440 2699 578 2737 sumpta
604 2695 692 2727 haec
718 2695 877 2726 inductio
899 2705 940 2727 ex
957 2694 1048 2728 Plat.
1077 2695 1128 2727 rei
1155 2706 1187 2739 p.
1216 2703 1229 2727 Ι
1259 2695 1300 2728 15
1325 2705 1359 2737 p.
1379 2694 1610 2728 3410--342⁰.
1639 2695 1681 2728 cf.

269 2753 399 2787 5125(ss
447 2755 450 2797 Ῑ
499 2754 545 2787 20
571 2754 643 2786 uid.
672 2755 713 2786 sr.
734 2754 802 2787 219
