<?xml version="1.0" encoding="UTF-8"?>
<!DOCTYPE html PUBLIC "-//W3C//DTD XHTML 1.0 Transitional//EN"
    "http://www.w3.org/TR/xhtml1/DTD/xhtml1-transitional.dtd">
<html xmlns="http://www.w3.org/1999/xhtml" xml:lang="en" lang="en">
 <head>
  <title>
</title>
<meta http-equiv="Content-Type" content="text/html;charset=utf-8" />
  <meta name='ocr-system' content='tesseract 3.04.00' />
  <meta name='ocr-capabilities' content='ocr_page ocr_carea ocr_par ocr_line ocrx_word'/>
</head>
<body>
  <div class='ocr_page' id='page_1' title='image "./epicvreaedidithe00epicuoft/epicvreaedidithe00epicuoft_0388.png"; bbox 0 0 1842 3250; ppageno 0'>
   <div class='ocr_carea' id='block_1_1' title="bbox 148 1265 217 1300">
    <p class='ocr_par' dir='ltr' id='par_1_1' title="bbox 148 1265 217 1300">
     <span class='ocr_line' id='line_1_1' title="bbox 148 1265 217 1300; baseline -0.014 0"><span class='ocrx_word' id='word_1_1' title='bbox 148 1265 217 1300; x_wconf 87' lang='grc'><strong>478</strong></span> 
     </span>
    </p>
   </div>
   <div class='ocr_carea' id='block_1_2' title="bbox 149 1565 218 1600">
    <p class='ocr_par' dir='ltr' id='par_1_2' title="bbox 149 1565 218 1600">
     <span class='ocr_line' id='line_1_2' title="bbox 149 1565 218 1600; baseline 0.043 -3"><span class='ocrx_word' id='word_1_2' title='bbox 149 1565 218 1600; x_wconf 80' lang='grc'><strong>479</strong></span> 
     </span>
    </p>
   </div>
   <div class='ocr_carea' id='block_1_3' title="bbox 149 1991 219 2025">
    <p class='ocr_par' dir='ltr' id='par_1_3' title="bbox 149 1991 219 2025">
     <span class='ocr_line' id='line_1_3' title="bbox 149 1991 219 2025; baseline -0.014 0"><span class='ocrx_word' id='word_1_3' title='bbox 149 1991 219 2025; x_wconf 83' lang='grc'><strong>480</strong></span> 
     </span>
    </p>
   </div>
   <div class='ocr_carea' id='block_1_4' title="bbox 150 2210 217 2243">
    <p class='ocr_par' dir='ltr' id='par_1_4' title="bbox 150 2210 217 2243">
     <span class='ocr_line' id='line_1_4' title="bbox 150 2210 217 2243; baseline 0 -1"><span class='ocrx_word' id='word_1_4' title='bbox 150 2210 217 2243; x_wconf 86' lang='grc'><strong>481</strong></span> 
     </span>
    </p>
   </div>
   <div class='ocr_carea' id='block_1_5' title="bbox 243 217 1160 252">
    <p class='ocr_par' dir='ltr' id='par_1_5' title="bbox 243 217 1160 252">
     <span class='ocr_line' id='line_1_5' title="bbox 243 217 1160 252; baseline 0.002 -2"><span class='ocrx_word' id='word_1_5' title='bbox 243 217 313 251; x_wconf 84' lang='grc'><strong>304</strong></span> <span class='ocrx_word' id='word_1_6' title='bbox 740 219 947 252; x_wconf 73' lang='lat' dir='ltr'>EPICVRI</span> <span class='ocrx_word' id='word_1_7' title='bbox 972 221 1160 252; x_wconf 87' lang='lat' dir='ltr'>ETHICA</span> 
     </span>
    </p>
   </div>
   <div class='ocr_carea' id='block_1_6' title="bbox 232 331 1714 1206">
    <p class='ocr_par' dir='ltr' id='par_1_6' title="bbox 232 331 1714 1206">
     <span class='ocr_line' id='line_1_6' title="bbox 232 331 1656 379; baseline 0.004 -15"><span class='ocrx_word' id='word_1_8' title='bbox 232 331 383 373; x_wconf 77' lang='lat' dir='ltr'><strong>&#39;legem</strong></span> <span class='ocrx_word' id='word_1_9' title='bbox 408 337 588 365; x_wconf 77' lang='lat' dir='ltr'><strong>naturae</strong></span> <span class='ocrx_word' id='word_1_10' title='bbox 614 334 846 376; x_wconf 83' lang='lat' dir='ltr'><strong>conposita</strong></span> <span class='ocrx_word' id='word_1_11' title='bbox 871 333 1140 376; x_wconf 79' lang='lat' dir='ltr'><strong>paupertas’&#39;.</strong></span> <span class='ocrx_word' id='word_1_12' title='bbox 1168 333 1237 366; x_wconf 87' lang='lat' dir='ltr'><strong>hoc</strong></span> <span class='ocrx_word' id='word_1_13' title='bbox 1256 345 1363 377; x_wconf 85' lang='lat' dir='ltr'>saepe</span> <span class='ocrx_word' id='word_1_14' title='bbox 1381 335 1656 379; x_wconf 79' lang='lat' dir='ltr'><strong>dicitEpicurus</strong></span> 
     </span>
     <span class='ocr_line' id='line_1_7' title="bbox 243 397 1655 442; baseline 0.004 -14"><span class='ocrx_word' id='word_1_15' title='bbox 243 397 348 429; x_wconf 80' lang='lat' dir='ltr'><strong>aliter</strong></span> <span class='ocrx_word' id='word_1_16' title='bbox 372 402 476 439; x_wconf 75' lang='lat' dir='ltr'><strong>atque</strong></span> <span class='ocrx_word' id='word_1_17' title='bbox 502 398 615 431; x_wconf 83' lang='lat' dir='ltr'><strong>aliter.</strong></span> <span class='ocrx_word' id='word_1_18' title='bbox 641 399 705 430; x_wconf 77' lang='lat' dir='ltr'><strong>sed</strong></span> <span class='ocrx_word' id='word_1_19' title='bbox 731 408 917 441; x_wconf 86' lang='lat' dir='ltr'>numquam</span> <span class='ocrx_word' id='word_1_20' title='bbox 946 399 1051 431; x_wconf 84' lang='lat' dir='ltr'><strong>nimis</strong></span> <span class='ocrx_word' id='word_1_21' title='bbox 1078 398 1206 431; x_wconf 83' lang='lat' dir='ltr'><strong>dicitur</strong></span> <span class='ocrx_word' id='word_1_22' title='bbox 1232 400 1327 442; x_wconf 85' lang='lat' dir='ltr'><strong>quod</strong></span> <span class='ocrx_word' id='word_1_23' title='bbox 1358 411 1544 442; x_wconf 85' lang='lat' dir='ltr'><strong>numquam</strong></span> <span class='ocrx_word' id='word_1_24' title='bbox 1571 403 1655 434; x_wconf 80' lang='lat' dir='ltr'><strong>satis</strong></span> 
     </span>
     <span class='ocr_line' id='line_1_8' title="bbox 244 461 421 494; baseline 0.011 -2"><span class='ocrx_word' id='word_1_25' title='bbox 244 461 421 494; x_wconf 71' lang='lat' dir='ltr'><strong>discitur&#39;.</strong></span> 
     </span>
     <span class='ocr_line' id='line_1_9' title="bbox 245 526 669 559; baseline 0.005 -2"><span class='ocrx_word' id='word_1_26' title='bbox 245 526 288 559; x_wconf 87' lang='lat' dir='ltr'><strong>cf.</strong></span> <span class='ocrx_word' id='word_1_27' title='bbox 314 526 499 559; x_wconf 77' lang='lat' dir='ltr'><strong>Lucretius</strong></span> <span class='ocrx_word' id='word_1_28' title='bbox 526 533 549 557; x_wconf 68' lang='lat' dir='ltr'><strong>V</strong></span> <span class='ocrx_word' id='word_1_29' title='bbox 579 526 669 559; x_wconf 84' lang='lat'><strong>1117</strong></span> 
     </span>
     <span class='ocr_line' id='line_1_10' title="bbox 425 591 1699 634; baseline 0.003 -11"><span class='ocrx_word' id='word_1_30' title='bbox 425 591 542 633; x_wconf 83' lang='lat' dir='ltr'><strong>‘quod</strong></span> <span class='ocrx_word' id='word_1_31' title='bbox 568 591 596 623; x_wconf 84' lang='lat' dir='ltr'><strong>si</strong></span> <span class='ocrx_word' id='word_1_32' title='bbox 624 591 703 634; x_wconf 87' lang='lat' dir='ltr'><strong>quis</strong></span> <span class='ocrx_word' id='word_1_33' title='bbox 727 602 812 623; x_wconf 83' lang='lat' dir='ltr'><strong>uera</strong></span> <span class='ocrx_word' id='word_1_34' title='bbox 835 592 944 624; x_wconf 81' lang='lat' dir='ltr'><strong>uitam</strong></span> <span class='ocrx_word' id='word_1_35' title='bbox 971 592 1109 624; x_wconf 75' lang='lat' dir='ltr'><strong>ratione</strong></span> <span class='ocrx_word' id='word_1_36' title='bbox 1139 592 1322 633; x_wconf 76' lang='lat' dir='ltr'>gubernet,</span> <span class='ocrx_word' id='word_1_37' title='bbox 1683 602 1699 627; x_wconf 86' lang='lat'><strong>5</strong></span> 
     </span>
     <span class='ocr_line' id='line_1_11' title="bbox 446 655 1312 698; baseline 0.002 -12"><span class='ocrx_word' id='word_1_38' title='bbox 446 655 588 688; x_wconf 74' lang='lat' dir='ltr'><strong>diuitiae</strong></span> <span class='ocrx_word' id='word_1_39' title='bbox 615 655 767 696; x_wconf 74' lang='lat' dir='ltr'>grandes</span> <span class='ocrx_word' id='word_1_40' title='bbox 793 655 927 687; x_wconf 86' lang='lat' dir='ltr'><strong>homini</strong></span> <span class='ocrx_word' id='word_1_41' title='bbox 954 661 1034 688; x_wconf 80' lang='lat' dir='ltr'><strong>sunt</strong></span> <span class='ocrx_word' id='word_1_42' title='bbox 1062 656 1183 688; x_wconf 85' lang='lat' dir='ltr'><strong>uiuere</strong></span> <span class='ocrx_word' id='word_1_43' title='bbox 1209 667 1312 698; x_wconf 84' lang='lat' dir='ltr'><strong>parce</strong></span> 
     </span>
     <span class='ocr_line' id='line_1_12' title="bbox 445 719 1572 764; baseline 0.002 -12"><span class='ocrx_word' id='word_1_44' title='bbox 445 731 559 762; x_wconf 81' lang='lat' dir='ltr'><strong>aequo</strong></span> <span class='ocrx_word' id='word_1_45' title='bbox 588 719 715 758; x_wconf 86' lang='lat' dir='ltr'><strong>animo,</strong></span> <span class='ocrx_word' id='word_1_46' title='bbox 745 730 859 763; x_wconf 83' lang='lat' dir='ltr'><strong>neque</strong></span> <span class='ocrx_word' id='word_1_47' title='bbox 888 720 980 752; x_wconf 88' lang='lat' dir='ltr'><strong>enim</strong></span> <span class='ocrx_word' id='word_1_48' title='bbox 1007 725 1060 752; x_wconf 80' lang='lat' dir='ltr'><strong>est</strong></span> <span class='ocrx_word' id='word_1_49' title='bbox 1085 731 1248 763; x_wconf 80' lang='lat' dir='ltr'><strong>umquam</strong></span> <span class='ocrx_word' id='word_1_50' title='bbox 1272 721 1417 763; x_wconf 75' lang='lat' dir='ltr'><strong>penuria</strong></span> <span class='ocrx_word' id='word_1_51' title='bbox 1444 723 1542 764; x_wconf 88' lang='lat' dir='ltr'><strong>parui</strong></span> <span class='ocrx_word' id='word_1_52' title='bbox 1554 721 1572 755; x_wconf 74' lang='lat'><strong>³.</strong></span> 
     </span>
     <span class='ocr_line' id='line_1_13' title="bbox 242 783 1207 827; baseline 0 -10"><span class='ocrx_word' id='word_1_53' title='bbox 242 786 412 819; x_wconf 77' lang='lat' dir='ltr'>Horatius</span> <span class='ocrx_word' id='word_1_54' title='bbox 441 796 543 819; x_wconf 82' lang='lat' dir='ltr'><strong>carm.</strong></span> <span class='ocrx_word' id='word_1_55' title='bbox 571 792 598 817; x_wconf 82' lang='lat'><strong>11</strong></span> <span class='ocrx_word' id='word_1_56' title='bbox 628 784 682 823; x_wconf 88' lang='grc'><strong>16,</strong></span> <span class='ocrx_word' id='word_1_57' title='bbox 705 784 746 818; x_wconf 83' lang='grc'><strong>13</strong></span> <span class='ocrx_word' id='word_1_58' title='bbox 773 784 920 816; x_wconf 79' lang='lat' dir='ltr'><strong>‘uiuitur</strong></span> <span class='ocrx_word' id='word_1_59' title='bbox 946 794 1057 827; x_wconf 80' lang='lat' dir='ltr'><strong>paruo</strong></span> <span class='ocrx_word' id='word_1_60' title='bbox 1085 783 1207 817; x_wconf 85' lang='lat' dir='ltr'><strong>bene&#39;.</strong></span> 
     </span>
     <span class='ocr_line' id='line_1_14' title="bbox 242 848 656 892; baseline -0.002 -9"><span class='ocrx_word' id='word_1_61' title='bbox 242 850 336 883; x_wconf 85' lang='lat' dir='ltr'><strong>idem</strong></span> <span class='ocrx_word' id='word_1_62' title='bbox 365 850 468 892; x_wconf 83' lang='lat' dir='ltr'><strong>epist.</strong></span> <span class='ocrx_word' id='word_1_63' title='bbox 496 857 509 881; x_wconf 90' lang='grc' dir='ltr'>Ι</span> <span class='ocrx_word' id='word_1_64' title='bbox 537 849 592 888; x_wconf 87' lang='lat' dir='ltr'><strong>lo,</strong></span> <span class='ocrx_word' id='word_1_65' title='bbox 612 848 656 882; x_wconf 85' lang='lat'><strong>39</strong></span> 
     </span>
     <span class='ocr_line' id='line_1_15' title="bbox 492 913 1714 956; baseline 0.002 -11"><span class='ocrx_word' id='word_1_66' title='bbox 492 913 567 956; x_wconf 85' lang='lat' dir='ltr'><strong>‘qui</strong></span> <span class='ocrx_word' id='word_1_67' title='bbox 593 913 797 956; x_wconf 79' lang='lat' dir='ltr'><strong>pauperiem</strong></span> <span class='ocrx_word' id='word_1_68' title='bbox 823 913 956 945; x_wconf 80' lang='lat' dir='ltr'><strong>ueritus</strong></span> <span class='ocrx_word' id='word_1_69' title='bbox 983 913 1124 956; x_wconf 76' lang='lat' dir='ltr'><strong>potiore</strong></span> <span class='ocrx_word' id='word_1_70' title='bbox 1150 913 1304 945; x_wconf 79' lang='lat' dir='ltr'><strong>metallis</strong></span> <span class='ocrx_word' id='word_1_71' title='bbox 1683 923 1714 948; x_wconf 83' lang='grc' dir='ltr'><strong>ιο</strong></span> 
     </span>
     <span class='ocr_line' id='line_1_16' title="bbox 442 977 1413 1020; baseline 0 -10"><span class='ocrx_word' id='word_1_72' title='bbox 442 977 608 1010; x_wconf 80' lang='lat' dir='ltr'><strong>libertate</strong></span> <span class='ocrx_word' id='word_1_73' title='bbox 635 983 741 1015; x_wconf 82' lang='lat' dir='ltr'>caret,</span> <span class='ocrx_word' id='word_1_74' title='bbox 769 977 951 1010; x_wconf 85' lang='lat' dir='ltr'><strong>dominum</strong></span> <span class='ocrx_word' id='word_1_75' title='bbox 977 977 1086 1009; x_wconf 83' lang='lat' dir='ltr'><strong>uehet</strong></span> <span class='ocrx_word' id='word_1_76' title='bbox 1112 977 1281 1020; x_wconf 84' lang='lat' dir='ltr'><strong>inprobus</strong></span> <span class='ocrx_word' id='word_1_77' title='bbox 1308 982 1413 1020; x_wconf 73' lang='lat' dir='ltr'><strong>atque</strong></span> 
     </span>
     <span class='ocr_line' id='line_1_17' title="bbox 445 1042 1305 1086; baseline 0 -11"><span class='ocrx_word' id='word_1_78' title='bbox 445 1043 574 1075; x_wconf 84' lang='lat' dir='ltr'><strong>seruiet</strong></span> <span class='ocrx_word' id='word_1_79' title='bbox 604 1049 795 1081; x_wconf 81' lang='lat' dir='ltr'><strong>aeternum,</strong></span> <span class='ocrx_word' id='word_1_80' title='bbox 822 1043 904 1086; x_wconf 85' lang='lat' dir='ltr'><strong>quia</strong></span> <span class='ocrx_word' id='word_1_81' title='bbox 928 1053 1039 1085; x_wconf 85' lang='lat' dir='ltr'><strong>paruo</strong></span> <span class='ocrx_word' id='word_1_82' title='bbox 1067 1043 1202 1074; x_wconf 80' lang='lat' dir='ltr'><strong>nesciet</strong></span> <span class='ocrx_word' id='word_1_83' title='bbox 1227 1042 1305 1076; x_wconf 82' lang='lat' dir='ltr'><strong>uti’.</strong></span> 
     </span>
     <span class='ocr_line' id='line_1_18' title="bbox 241 1107 1654 1151; baseline 0 -11"><span class='ocrx_word' id='word_1_84' title='bbox 241 1109 336 1141; x_wconf 88' lang='lat' dir='ltr'><strong>idem</strong></span> <span class='ocrx_word' id='word_1_85' title='bbox 364 1115 427 1142; x_wconf 86' lang='lat' dir='ltr'><strong>sat.</strong></span> <span class='ocrx_word' id='word_1_86' title='bbox 457 1116 482 1141; x_wconf 88' lang='lat'><strong>11</strong></span> <span class='ocrx_word' id='word_1_87' title='bbox 509 1108 579 1145; x_wconf 86' lang='lat'><strong>2‚1</strong></span> <span class='ocrx_word' id='word_1_88' title='bbox 626 1108 741 1150; x_wconf 73' lang='lat' dir='ltr'><strong>‘Quae</strong></span> <span class='ocrx_word' id='word_1_89' title='bbox 776 1108 885 1141; x_wconf 85' lang='lat' dir='ltr'><strong>uirtus</strong></span> <span class='ocrx_word' id='word_1_90' title='bbox 921 1113 954 1139; x_wconf 83' lang='lat' dir='ltr'><strong>et</strong></span> <span class='ocrx_word' id='word_1_91' title='bbox 989 1113 1130 1150; x_wconf 82' lang='lat' dir='ltr'><strong>quanta,</strong></span> <span class='ocrx_word' id='word_1_92' title='bbox 1169 1107 1268 1144; x_wconf 87' lang='lat' dir='ltr'><strong>boni,</strong></span> <span class='ocrx_word' id='word_1_93' title='bbox 1309 1107 1354 1139; x_wconf 85' lang='lat' dir='ltr'><strong>sit</strong></span> <span class='ocrx_word' id='word_1_94' title='bbox 1392 1107 1513 1140; x_wconf 81' lang='lat' dir='ltr'><strong>uiuere</strong></span> <span class='ocrx_word' id='word_1_95' title='bbox 1544 1119 1654 1151; x_wconf 85' lang='lat' dir='ltr'><strong>paruo</strong></span> 
     </span>
     <span class='ocr_line' id='line_1_19' title="bbox 244 1173 491 1206; baseline 0 -1"><span class='ocrx_word' id='word_1_96' title='bbox 244 1197 252 1205; x_wconf 91' lang='lat'><strong>.</strong></span> <span class='ocrx_word' id='word_1_97' title='bbox 272 1199 279 1206; x_wconf 89' lang='lat'><strong>.</strong></span> <span class='ocrx_word' id='word_1_98' title='bbox 301 1198 308 1206; x_wconf 90' lang='lat'><strong>.</strong></span> <span class='ocrx_word' id='word_1_99' title='bbox 336 1173 462 1205; x_wconf 81' lang='lat' dir='ltr'><strong>discite</strong></span> <span class='ocrx_word' id='word_1_100' title='bbox 472 1173 491 1205; x_wconf 86' lang='lat'><strong>‘.</strong></span> 
     </span>
    </p>
   </div>
   <div class='ocr_carea' id='block_1_7' title="bbox 242 1252 1713 1517">
    <p class='ocr_par' dir='ltr' id='par_1_7' title="bbox 242 1252 1713 1451">
     <span class='ocr_line' id='line_1_20' title="bbox 357 1252 1713 1305; baseline 0.001 -11"><span class='ocrx_word' id='word_1_101' title='bbox 357 1252 635 1305; x_wconf 83' lang='grc' dir='ltr'>φοβούμενος</span> <span class='ocrx_word' id='word_1_102' title='bbox 667 1254 691 1295; x_wconf 89' lang='grc' dir='ltr'>ὁ</span> <span class='ocrx_word' id='word_1_103' title='bbox 729 1254 868 1305; x_wconf 82' lang='grc' dir='ltr'>πολὺς</span> <span class='ocrx_word' id='word_1_104' title='bbox 905 1254 955 1295; x_wconf 87' lang='grc' dir='ltr'>τὸ</span> <span class='ocrx_word' id='word_1_105' title='bbox 997 1254 1115 1296; x_wconf 88' lang='grc' dir='ltr'>λιτὸν</span> <span class='ocrx_word' id='word_1_106' title='bbox 1153 1255 1230 1305; x_wconf 87' lang='grc' dir='ltr'>τῆς</span> <span class='ocrx_word' id='word_1_107' title='bbox 1271 1253 1435 1305; x_wconf 78' lang='grc' dir='ltr'>διαίτης</span> <span class='ocrx_word' id='word_1_108' title='bbox 1472 1253 1542 1295; x_wconf 84' lang='grc' dir='ltr'><strong>διὰ</strong></span> <span class='ocrx_word' id='word_1_109' title='bbox 1578 1254 1656 1295; x_wconf 89' lang='grc' dir='ltr'>τὸν</span> <span class='ocrx_word' id='word_1_110' title='bbox 1684 1265 1713 1290; x_wconf 75' lang='lat'><strong>15</strong></span> 
     </span>
     <span class='ocr_line' id='line_1_21' title="bbox 243 1324 1655 1379; baseline -0.001 -11"><span class='ocrx_word' id='word_1_111' title='bbox 243 1327 387 1379; x_wconf 85' lang='grc' dir='ltr'>φόβον</span> <span class='ocrx_word' id='word_1_112' title='bbox 409 1327 477 1368; x_wconf 80' lang='grc' dir='ltr'><strong>ἐπὶ</strong></span> <span class='ocrx_word' id='word_1_113' title='bbox 496 1326 671 1378; x_wconf 79' lang='grc' dir='ltr'>πράξεις</span> <span class='ocrx_word' id='word_1_114' title='bbox 701 1327 931 1378; x_wconf 85' lang='grc' dir='ltr'>πορεύεται</span> <span class='ocrx_word' id='word_1_115' title='bbox 961 1328 1039 1378; x_wconf 82' lang='grc' dir='ltr'>τὰς</span> <span class='ocrx_word' id='word_1_116' title='bbox 1071 1324 1238 1377; x_wconf 83' lang='grc' dir='ltr'>μάλιστ’</span> <span class='ocrx_word' id='word_1_117' title='bbox 1261 1326 1314 1368; x_wconf 87' lang='grc' dir='ltr'><strong>ἂν</strong></span> <span class='ocrx_word' id='word_1_118' title='bbox 1335 1328 1493 1368; x_wconf 83' lang='grc' dir='ltr'>τοῦτον</span> <span class='ocrx_word' id='word_1_119' title='bbox 1520 1339 1655 1378; x_wconf 87' lang='grc' dir='ltr'>παρα-</span> 
     </span>
     <span class='ocr_line' id='line_1_22' title="bbox 242 1400 557 1451; baseline 0 -10"><span class='ocrx_word' id='word_1_120' title='bbox 242 1400 557 1451; x_wconf 83' lang='grc' dir='ltr'>σκευαζούσας.</span> 
     </span>
    </p>

    <p class='ocr_par' dir='ltr' id='par_1_8' title="bbox 243 1472 1260 1517">
     <span class='ocr_line' id='line_1_23' title="bbox 243 1472 1260 1517; baseline 0 -10"><span class='ocrx_word' id='word_1_121' title='bbox 243 1472 491 1507; x_wconf 70' lang='lat' dir='ltr'>Ponmwmvs</span> <span class='ocrx_word' id='word_1_122' title='bbox 518 1475 561 1506; x_wconf 85' lang='lat' dir='ltr'><strong>ad</strong></span> <span class='ocrx_word' id='word_1_123' title='bbox 589 1474 798 1507; x_wconf 84' lang='lat' dir='ltr'>Marcellam</span> <span class='ocrx_word' id='word_1_124' title='bbox 824 1474 870 1508; x_wconf 74' lang='lat'><strong>28</strong></span> <span class='ocrx_word' id='word_1_125' title='bbox 897 1486 930 1517; x_wconf 85' lang='lat' dir='ltr'><strong>p.</strong></span> <span class='ocrx_word' id='word_1_126' title='bbox 950 1475 1030 1512; x_wconf 77' lang='lat'><strong>208,</strong></span> <span class='ocrx_word' id='word_1_127' title='bbox 1055 1475 1095 1507; x_wconf 83' lang='lat'><strong>15</strong></span> <span class='ocrx_word' id='word_1_128' title='bbox 1121 1475 1260 1507; x_wconf 86' lang='lat' dir='ltr'><strong>Nauck.</strong></span> 
     </span>
    </p>
   </div>
   <div class='ocr_carea' id='block_1_8' title="bbox 359 1554 1658 1607">
    <p class='ocr_par' dir='ltr' id='par_1_9' title="bbox 359 1554 1658 1607">
     <span class='ocr_line' id='line_1_24' title="bbox 359 1554 1658 1607; baseline 0.001 -11"><span class='ocrx_word' id='word_1_129' title='bbox 359 1555 513 1596; x_wconf 85' lang='grc' dir='ltr'>πολλοὶ</span> <span class='ocrx_word' id='word_1_130' title='bbox 544 1558 622 1597; x_wconf 84' lang='grc' dir='ltr'>τοῦ</span> <span class='ocrx_word' id='word_1_131' title='bbox 652 1556 845 1598; x_wconf 86' lang='grc' dir='ltr'>πλούτου</span> <span class='ocrx_word' id='word_1_132' title='bbox 876 1555 1084 1607; x_wconf 86' lang='grc' dir='ltr'>τυχόντες</span> <span class='ocrx_word' id='word_1_133' title='bbox 1113 1555 1165 1596; x_wconf 82' lang='grc' dir='ltr'><strong>οὔ</strong></span> <span class='ocrx_word' id='word_1_134' title='bbox 1192 1554 1269 1597; x_wconf 82' lang='grc' dir='ltr'>τιν’</span> <span class='ocrx_word' id='word_1_135' title='bbox 1293 1554 1548 1606; x_wconf 81' lang='grc' dir='ltr'>ἀπαλλαγὴν</span> <span class='ocrx_word' id='word_1_136' title='bbox 1570 1557 1658 1597; x_wconf 85' lang='grc' dir='ltr'>τῶν</span> 
     </span>
    </p>
   </div>
   <div class='ocr_carea' id='block_1_9' title="bbox 243 1626 1714 1874">
    <p class='ocr_par' dir='ltr' id='par_1_10' title="bbox 244 1626 1714 1744">
     <span class='ocr_line' id='line_1_25' title="bbox 246 1626 1714 1680; baseline -0.001 -12"><span class='ocrx_word' id='word_1_137' title='bbox 246 1629 391 1669; x_wconf 83' lang='grc' dir='ltr'>κακῶν</span> <span class='ocrx_word' id='word_1_138' title='bbox 422 1626 552 1679; x_wconf 76' lang='grc' dir='ltr'>εὗρον</span> <span class='ocrx_word' id='word_1_139' title='bbox 584 1627 694 1669; x_wconf 84' lang='grc' dir='ltr'>ἀλλὰ</span> <span class='ocrx_word' id='word_1_140' title='bbox 726 1629 970 1680; x_wconf 87' lang='grc' dir='ltr'>μεταβολὴν</span> <span class='ocrx_word' id='word_1_141' title='bbox 1001 1628 1223 1679; x_wconf 84' lang='grc' dir='ltr'>μειζόνων.</span> <span class='ocrx_word' id='word_1_142' title='bbox 1680 1641 1714 1667; x_wconf 80' lang='lat'><strong>20</strong></span> 
     </span>
     <span class='ocr_line' id='line_1_26' title="bbox 244 1699 1260 1744; baseline 0.002 -10"><span class='ocrx_word' id='word_1_143' title='bbox 244 1699 489 1734; x_wconf 59' lang='lat' dir='ltr'><strong>Pomm-nus</strong></span> <span class='ocrx_word' id='word_1_144' title='bbox 517 1702 560 1733; x_wconf 87' lang='lat' dir='ltr'><strong>ad</strong></span> <span class='ocrx_word' id='word_1_145' title='bbox 586 1701 794 1734; x_wconf 79' lang='lat' dir='ltr'>Marcellam</span> <span class='ocrx_word' id='word_1_146' title='bbox 821 1702 866 1735; x_wconf 85' lang='grc'><strong>28</strong></span> <span class='ocrx_word' id='word_1_147' title='bbox 892 1712 926 1744; x_wconf 89' lang='lat' dir='ltr'><strong>p.</strong></span> <span class='ocrx_word' id='word_1_148' title='bbox 947 1701 1028 1740; x_wconf 74' lang='lat'><strong>208,</strong></span> <span class='ocrx_word' id='word_1_149' title='bbox 1052 1701 1095 1734; x_wconf 87' lang='lat'><strong>17</strong></span> <span class='ocrx_word' id='word_1_150' title='bbox 1120 1702 1260 1736; x_wconf 87' lang='lat' dir='ltr'><strong>Nauck.</strong></span> 
     </span>
    </p>

    <p class='ocr_par' dir='ltr' id='par_1_11' title="bbox 243 1764 1657 1874">
     <span class='ocr_line' id='line_1_27' title="bbox 245 1764 1657 1809; baseline 0 -11"><span class='ocrx_word' id='word_1_151' title='bbox 245 1764 395 1799; x_wconf 70' lang='lat' dir='ltr'>SENECA</span> <span class='ocrx_word' id='word_1_152' title='bbox 423 1767 526 1809; x_wconf 80' lang='lat' dir='ltr'><strong>epist.</strong></span> <span class='ocrx_word' id='word_1_153' title='bbox 557 1767 611 1807; x_wconf 79' lang='lat'><strong>17,</strong></span> <span class='ocrx_word' id='word_1_154' title='bbox 634 1768 674 1799; x_wconf 88' lang='grc'><strong>11</strong></span> <span class='ocrx_word' id='word_1_155' title='bbox 710 1766 794 1799; x_wconf 70' lang='lat' dir='ltr'><strong>‘tibi</strong></span> <span class='ocrx_word' id='word_1_156' title='bbox 819 1766 900 1799; x_wconf 80' lang='lat' dir='ltr'><strong>nale</strong></span> <span class='ocrx_word' id='word_1_157' title='bbox 927 1767 1045 1798; x_wconf 81' lang='lat' dir='ltr'>dicere</span> <span class='ocrx_word' id='word_1_158' title='bbox 1073 1777 1145 1798; x_wconf 86' lang='lat' dir='ltr'><strong>non</strong></span> <span class='ocrx_word' id='word_1_159' title='bbox 1171 1766 1257 1798; x_wconf 79' lang='lat' dir='ltr'><strong>licet</strong></span> <span class='ocrx_word' id='word_1_160' title='bbox 1282 1766 1403 1807; x_wconf 84' lang='lat' dir='ltr'><strong>gratis.</strong></span> <span class='ocrx_word' id='word_1_161' title='bbox 1443 1767 1529 1809; x_wconf 88' lang='lat' dir='ltr'><strong>quid</strong></span> <span class='ocrx_word' id='word_1_162' title='bbox 1554 1766 1657 1798; x_wconf 79' lang='lat' dir='ltr'><strong>istic?</strong></span> 
     </span>
     <span class='ocr_line' id='line_1_28' title="bbox 243 1830 1656 1874; baseline -0.001 -11"><span class='ocrx_word' id='word_1_163' title='bbox 243 1832 288 1863; x_wconf 88' lang='lat' dir='ltr'><strong>ab</strong></span> <span class='ocrx_word' id='word_1_164' title='bbox 307 1832 462 1874; x_wconf 84' lang='lat' dir='ltr'><strong>Epicuro</strong></span> <span class='ocrx_word' id='word_1_165' title='bbox 482 1837 635 1864; x_wconf 74' lang='lat' dir='ltr'><strong>mutuum</strong></span> <span class='ocrx_word' id='word_1_166' title='bbox 654 1842 802 1864; x_wconf 76' lang='lat' dir='ltr'><strong>sumam:</strong></span> <span class='ocrx_word' id='word_1_167' title='bbox 828 1831 1002 1863; x_wconf 74' lang='lat' dir='ltr'><strong>“multis</strong></span> <span class='ocrx_word' id='word_1_168' title='bbox 1029 1841 1210 1874; x_wconf 84' lang='lat' dir='ltr'><strong>parasse</strong></span> <span class='ocrx_word' id='word_1_169' title='bbox 1237 1831 1420 1863; x_wconf 79' lang='lat' dir='ltr'><strong>diuitias</strong></span> <span class='ocrx_word' id='word_1_170' title='bbox 1442 1841 1526 1863; x_wconf 88' lang='lat' dir='ltr'><strong>non</strong></span> <span class='ocrx_word' id='word_1_171' title='bbox 1549 1830 1656 1863; x_wconf 82' lang='lat' dir='ltr'><strong>sinis</strong></span> 
     </span>
    </p>
   </div>
   <div class='ocr_carea' id='block_1_10' title="bbox 243 1896 985 1935">
    <p class='ocr_par' dir='ltr' id='par_1_12' title="bbox 243 1896 985 1935">
     <span class='ocr_line' id='line_1_29' title="bbox 243 1896 985 1935; baseline 0 -7"><span class='ocrx_word' id='word_1_172' title='bbox 243 1896 511 1928; x_wconf 76' lang='lat' dir='ltr'><strong>miseriarum</strong></span> <span class='ocrx_word' id='word_1_173' title='bbox 541 1897 637 1935; x_wconf 86' lang='lat' dir='ltr'><strong>suit,</strong></span> <span class='ocrx_word' id='word_1_174' title='bbox 666 1897 739 1928; x_wconf 85' lang='lat' dir='ltr'><strong>sed</strong></span> <span class='ocrx_word' id='word_1_175' title='bbox 767 1896 985 1928; x_wconf 82' lang='lat' dir='ltr'><strong>mutatio”.</strong></span> 
     </span>
    </p>
   </div>
   <div class='ocr_carea' id='block_1_11' title="bbox 244 1975 1712 2166">
    <p class='ocr_par' dir='ltr' id='par_1_13' title="bbox 244 1975 1712 2166">
     <span class='ocr_line' id='line_1_30' title="bbox 357 1975 1712 2029; baseline -0.003 -10"><span class='ocrx_word' id='word_1_176' title='bbox 357 1977 402 2019; x_wconf 80' lang='grc' dir='ltr'><strong>ἐξ</strong></span> <span class='ocrx_word' id='word_1_177' title='bbox 424 1977 631 2029; x_wconf 75' lang='grc' dir='ltr'>ἐργασίας</span> <span class='ocrx_word' id='word_1_178' title='bbox 654 1977 897 2029; x_wconf 84' lang='grc' dir='ltr'>Θηριώδους</span> <span class='ocrx_word' id='word_1_179' title='bbox 924 1977 1078 2028; x_wconf 85' lang='grc' dir='ltr'>οὐσίας</span> <span class='ocrx_word' id='word_1_180' title='bbox 1109 1978 1186 2028; x_wconf 78' lang='grc' dir='ltr'><strong>μὲν</strong></span> <span class='ocrx_word' id='word_1_181' title='bbox 1215 1979 1381 2028; x_wconf 88' lang='grc' dir='ltr'>πλῆθος</span> <span class='ocrx_word' id='word_1_182' title='bbox 1402 1975 1656 2028; x_wconf 80' lang='grc' dir='ltr'>σωρεύεται,</span> <span class='ocrx_word' id='word_1_183' title='bbox 1680 1989 1712 2014; x_wconf 77' lang='lat'><strong>25</strong></span> 
     </span>
     <span class='ocr_line' id='line_1_31' title="bbox 246 2048 1021 2102; baseline -0.003 -11"><span class='ocrx_word' id='word_1_184' title='bbox 246 2049 337 2102; x_wconf 86' lang='grc' dir='ltr'>βίος</span> <span class='ocrx_word' id='word_1_185' title='bbox 368 2051 415 2091; x_wconf 80' lang='grc' dir='ltr'><strong>δὲ</strong></span> <span class='ocrx_word' id='word_1_186' title='bbox 448 2048 723 2100; x_wconf 87' lang='grc' dir='ltr'>ταλαίπωρος</span> <span class='ocrx_word' id='word_1_187' title='bbox 754 2048 1021 2090; x_wconf 85' lang='grc' dir='ltr'>συνίσταται.</span> 
     </span>
     <span class='ocr_line' id='line_1_32' title="bbox 244 2121 1086 2166; baseline -0.001 -9"><span class='ocrx_word' id='word_1_188' title='bbox 244 2122 493 2157; x_wconf 65' lang='lat' dir='ltr'>PORPHYRIYS</span> <span class='ocrx_word' id='word_1_189' title='bbox 520 2123 563 2154; x_wconf 88' lang='lat' dir='ltr'><strong>ad</strong></span> <span class='ocrx_word' id='word_1_190' title='bbox 591 2123 799 2156; x_wconf 79' lang='lat' dir='ltr'><strong>Marcellum</strong></span> <span class='ocrx_word' id='word_1_191' title='bbox 826 2122 871 2156; x_wconf 81' lang='lat'><strong>29</strong></span> <span class='ocrx_word' id='word_1_192' title='bbox 901 2134 934 2166; x_wconf 89' lang='lat' dir='ltr'><strong>p.</strong></span> <span class='ocrx_word' id='word_1_193' title='bbox 955 2121 1034 2160; x_wconf 82' lang='lat'><strong>209,</strong></span> <span class='ocrx_word' id='word_1_194' title='bbox 1054 2123 1086 2156; x_wconf 84' lang='lat'><strong>5.</strong></span> 
     </span>
    </p>
   </div>
   <div class='ocr_carea' id='block_1_12' title="bbox 246 2202 1713 2440">
    <p class='ocr_par' dir='ltr' id='par_1_14' title="bbox 246 2202 1713 2440">
     <span class='ocr_line' id='line_1_33' title="bbox 364 2202 1656 2246; baseline -0.002 -8"><span class='ocrx_word' id='word_1_195' title='bbox 364 2203 611 2238; x_wconf 67' lang='lat' dir='ltr'>I&#39;onvm&#39;mvs</span> <span class='ocrx_word' id='word_1_196' title='bbox 644 2205 688 2236; x_wconf 82' lang='lat' dir='ltr'><strong>ad</strong></span> <span class='ocrx_word' id='word_1_197' title='bbox 715 2203 922 2236; x_wconf 84' lang='lat' dir='ltr'><strong>Marcellam</strong></span> <span class='ocrx_word' id='word_1_198' title='bbox 957 2204 1003 2236; x_wconf 76' lang='lat'><strong>28</strong></span> <span class='ocrx_word' id='word_1_199' title='bbox 1030 2214 1065 2246; x_wconf 87' lang='lat' dir='ltr'><strong>p.</strong></span> <span class='ocrx_word' id='word_1_200' title='bbox 1085 2203 1166 2242; x_wconf 83' lang='lat'>208,</span> <span class='ocrx_word' id='word_1_201' title='bbox 1185 2203 1231 2236; x_wconf 80' lang='lat'><strong>23</strong></span> <span class='ocrx_word' id='word_1_202' title='bbox 1275 2202 1333 2236; x_wconf 79' lang='grc' dir='ltr'><strong>διὸ</strong></span> <span class='ocrx_word' id='word_1_203' title='bbox 1365 2203 1426 2236; x_wconf 84' lang='grc' dir='ltr'><strong>καὶ</strong></span> <span class='ocrx_word' id='word_1_204' title='bbox 1457 2203 1656 2243; x_wconf 85' lang='grc' dir='ltr'>μελετᾶν</span> 
     </span>
     <span class='ocr_line' id='line_1_34' title="bbox 247 2266 1655 2313; baseline -0.003 -9"><span class='ocrx_word' id='word_1_205' title='bbox 247 2269 299 2313; x_wconf 83' lang='grc' dir='ltr'><strong>(οἱ</strong></span> <span class='ocrx_word' id='word_1_206' title='bbox 320 2269 542 2312; x_wconf 82' lang='grc' dir='ltr'>φιλόσοφοι)</span> <span class='ocrx_word' id='word_1_207' title='bbox 569 2269 890 2312; x_wconf 83' lang='grc' dir='ltr'>παρακελεύονται</span> <span class='ocrx_word' id='word_1_208' title='bbox 917 2268 998 2310; x_wconf 87' lang='grc' dir='ltr'><strong>οὐχ</strong></span> <span class='ocrx_word' id='word_1_209' title='bbox 1027 2268 1148 2308; x_wconf 83' lang='grc' dir='ltr'>ὅπως</span> <span class='ocrx_word' id='word_1_210' title='bbox 1172 2278 1214 2301; x_wconf 84' lang='grc' dir='ltr'>τι</span> <span class='ocrx_word' id='word_1_211' title='bbox 1241 2267 1492 2310; x_wconf 82' lang='grc' dir='ltr'>ποριστέον</span> <span class='ocrx_word' id='word_1_212' title='bbox 1518 2266 1655 2308; x_wconf 85' lang='grc' dir='ltr'>ἀναγ-</span> 
     </span>
     <span class='ocr_line' id='line_1_35' title="bbox 246 2331 1713 2377; baseline -0.001 -8"><span class='ocrx_word' id='word_1_213' title='bbox 246 2338 394 2377; x_wconf 78' lang='grc' dir='ltr'>καῖον,</span> <span class='ocrx_word' id='word_1_214' title='bbox 419 2334 514 2368; x_wconf 82' lang='grc' dir='ltr'>ἀλλ’</span> <span class='ocrx_word' id='word_1_215' title='bbox 541 2333 662 2374; x_wconf 83' lang='grc' dir='ltr'>ὅπως</span> <span class='ocrx_word' id='word_1_216' title='bbox 689 2335 857 2375; x_wconf 80' lang='grc' dir='ltr'>μᾶλλον</span> <span class='ocrx_word' id='word_1_217' title='bbox 883 2332 1176 2376; x_wconf 87' lang='grc' dir='ltr'>Θαρρήσομεν</span> <span class='ocrx_word' id='word_1_218' title='bbox 1204 2332 1261 2374; x_wconf 88' lang='grc' dir='ltr'><strong>μὴ</strong></span> <span class='ocrx_word' id='word_1_219' title='bbox 1287 2331 1606 2375; x_wconf 83' lang='grc' dir='ltr'>πορισθέντος.</span> <span class='ocrx_word' id='word_1_220' title='bbox 1680 2342 1713 2367; x_wconf 80' lang='lat'><strong>30</strong></span> 
     </span>
     <span class='ocr_line' id='line_1_36' title="bbox 246 2395 1655 2440; baseline -0.001 -9"><span class='ocrx_word' id='word_1_221' title='bbox 246 2399 289 2433; x_wconf 82' lang='lat' dir='ltr'><strong>cf.</strong></span> <span class='ocrx_word' id='word_1_222' title='bbox 320 2399 415 2431; x_wconf 86' lang='lat' dir='ltr'><strong>idem</strong></span> <span class='ocrx_word' id='word_1_223' title='bbox 441 2399 486 2431; x_wconf 83' lang='lat' dir='ltr'><strong>de</strong></span> <span class='ocrx_word' id='word_1_224' title='bbox 514 2399 642 2431; x_wconf 80' lang='lat' dir='ltr'><strong>abstin.</strong></span> <span class='ocrx_word' id='word_1_225' title='bbox 669 2406 682 2431; x_wconf 88' lang='lat'>1</span> <span class='ocrx_word' id='word_1_226' title='bbox 710 2399 756 2430; x_wconf 79' lang='lat'><strong>50</strong></span> <span class='ocrx_word' id='word_1_227' title='bbox 781 2398 836 2432; x_wconf 79' lang='grc' dir='ltr'><strong>δεῖ</strong></span> <span class='ocrx_word' id='word_1_228' title='bbox 863 2397 914 2439; x_wconf 72' lang='grc' dir='ltr'><strong>δέ,</strong></span> <span class='ocrx_word' id='word_1_229' title='bbox 941 2398 1059 2440; x_wconf 86' lang='grc' dir='ltr'>φασὶν</span> <span class='ocrx_word' id='word_1_230' title='bbox 1087 2396 1138 2440; x_wconf 80' lang='grc' dir='ltr'><strong>(οἱ</strong></span> <span class='ocrx_word' id='word_1_231' title='bbox 1163 2396 1436 2440; x_wconf 86' lang='grc' dir='ltr'>Ἐπικούρειοι),</span> <span class='ocrx_word' id='word_1_232' title='bbox 1464 2396 1534 2438; x_wconf 84' lang='grc' dir='ltr'><strong>οὐχ</strong></span> <span class='ocrx_word' id='word_1_233' title='bbox 1561 2395 1655 2429; x_wconf 85' lang='grc' dir='ltr'>ἑτοι-</span> 
     </span>
    </p>
   </div>
   <div class='ocr_carea' id='block_1_13' title="bbox 245 2510 1656 2790">
    <p class='ocr_par' dir='ltr' id='par_1_15' title="bbox 245 2510 1656 2790">
     <span class='ocr_line' id='line_1_37' title="bbox 359 2510 1656 2556; baseline -0.004 -9"><span class='ocrx_word' id='word_1_234' title='bbox 359 2515 402 2547; x_wconf 78' lang='grc'><strong>16</strong></span> <span class='ocrx_word' id='word_1_235' title='bbox 417 2513 575 2555; x_wconf 86' lang='grc' dir='ltr'>μάλιστα</span> <span class='ocrx_word' id='word_1_236' title='bbox 589 2524 621 2547; x_wconf 86' lang='grc' dir='ltr'>τ.</span> <span class='ocrx_word' id='word_1_237' title='bbox 639 2514 717 2547; x_wconf 88' lang='lat' dir='ltr'><strong>cod.</strong></span> <span class='ocrx_word' id='word_1_238' title='bbox 741 2514 747 2556; x_wconf 75' lang='lat'>1</span> <span class='ocrx_word' id='word_1_239' title='bbox 768 2515 908 2547; x_wconf 86' lang='grc' dir='ltr'>τοῦτον</span> <span class='ocrx_word' id='word_1_240' title='bbox 920 2523 967 2545; x_wconf 75' lang='lat' dir='ltr'><strong>sc.</strong></span> <span class='ocrx_word' id='word_1_241' title='bbox 979 2513 1118 2555; x_wconf 73' lang='grc' dir='ltr'>φόβονῑ</span> <span class='ocrx_word' id='word_1_242' title='bbox 1135 2515 1300 2546; x_wconf 81' lang='grc' dir='ltr'>πλοῦτον</span> <span class='ocrx_word' id='word_1_243' title='bbox 1312 2512 1430 2543; x_wconf 86' lang='lat' dir='ltr'><strong>Maius</strong></span> <span class='ocrx_word' id='word_1_244' title='bbox 1454 2512 1458 2553; x_wconf 78' lang='grc' dir='ltr'>Ι</span> <span class='ocrx_word' id='word_1_245' title='bbox 1485 2511 1527 2544; x_wconf 88' lang='grc'><strong>17</strong></span> <span class='ocrx_word' id='word_1_246' title='bbox 1541 2510 1656 2553; x_wconf 79' lang='lat' dir='ltr'><strong>sequi-</strong></span> 
     </span>
     <span class='ocr_line' id='line_1_38' title="bbox 245 2570 1654 2615; baseline -0.002 -11"><span class='ocrx_word' id='word_1_247' title='bbox 245 2579 300 2604; x_wconf 78' lang='lat' dir='ltr'><strong>tur</strong></span> <span class='ocrx_word' id='word_1_248' title='bbox 318 2573 357 2606; x_wconf 85' lang='lat' dir='ltr'><strong>sr.</strong></span> <span class='ocrx_word' id='word_1_249' title='bbox 372 2573 441 2605; x_wconf 79' lang='lat'><strong>476</strong></span> <span class='ocrx_word' id='word_1_250' title='bbox 467 2572 482 2615; x_wconf 77' lang='grc' dir='ltr'>Η</span> <span class='ocrx_word' id='word_1_251' title='bbox 518 2572 558 2604; x_wconf 86' lang='grc'><strong>19</strong></span> <span class='ocrx_word' id='word_1_252' title='bbox 576 2577 621 2605; x_wconf 73' lang='grc' dir='ltr'><strong>οὐ</strong></span> <span class='ocrx_word' id='word_1_253' title='bbox 640 2572 709 2613; x_wconf 81' lang='grc' dir='ltr'>τὴν</span> <span class='ocrx_word' id='word_1_254' title='bbox 725 2573 837 2604; x_wconf 85' lang='lat' dir='ltr'>codex</span> <span class='ocrx_word' id='word_1_255' title='bbox 864 2572 878 2614; x_wconf 78' lang='grc' dir='ltr'><strong>ΙΙ</strong></span> <span class='ocrx_word' id='word_1_256' title='bbox 907 2571 950 2604; x_wconf 77' lang='lat'><strong>25</strong></span> <span class='ocrx_word' id='word_1_257' title='bbox 970 2571 1190 2614; x_wconf 74' lang='grc' dir='ltr'>θρηνώδους</span> <span class='ocrx_word' id='word_1_258' title='bbox 1209 2571 1338 2602; x_wconf 78' lang='lat' dir='ltr'>codex:</span> <span class='ocrx_word' id='word_1_259' title='bbox 1355 2581 1445 2603; x_wconf 87' lang='lat' dir='ltr'><strong>corr.</strong></span> <span class='ocrx_word' id='word_1_260' title='bbox 1461 2570 1654 2602; x_wconf 80' lang='lat' dir='ltr'><strong>Nauckius.</strong></span> 
     </span>
     <span class='ocr_line' id='line_1_39' title="bbox 247 2628 1656 2675; baseline -0.001 -12"><span class='ocrx_word' id='word_1_261' title='bbox 247 2633 290 2665; x_wconf 92' lang='lat' dir='ltr'><strong>cs.</strong></span> <span class='ocrx_word' id='word_1_262' title='bbox 309 2631 451 2663; x_wconf 78' lang='lat' dir='ltr'><strong>Philod.</strong></span> <span class='ocrx_word' id='word_1_263' title='bbox 469 2631 559 2663; x_wconf 71' lang='lat' dir='ltr'><strong>VH²</strong></span> <span class='ocrx_word' id='word_1_264' title='bbox 575 2639 625 2663; x_wconf 84' lang='lat' dir='ltr'><strong>vu</strong></span> <span class='ocrx_word' id='word_1_265' title='bbox 645 2631 710 2664; x_wconf 79' lang='lat'><strong>179</strong></span> <span class='ocrx_word' id='word_1_266' title='bbox 730 2631 770 2663; x_wconf 91' lang='lat' dir='ltr'><strong>sr.</strong></span> <span class='ocrx_word' id='word_1_267' title='bbox 786 2638 882 2663; x_wconf 79' lang='lat' dir='ltr'><strong>xxiv</strong></span> <span class='ocrx_word' id='word_1_268' title='bbox 910 2630 984 2664; x_wconf 84' lang='grc' dir='ltr'><strong>ἀπὸ</strong></span> <span class='ocrx_word' id='word_1_269' title='bbox 1011 2630 1082 2673; x_wconf 72' lang='grc' dir='ltr'><strong>γὰρ</strong></span> <span class='ocrx_word' id='word_1_270' title='bbox 1108 2629 1316 2675; x_wconf 84' lang='grc' dir='ltr'>ἀνημ[έρου</span> <span class='ocrx_word' id='word_1_271' title='bbox 1343 2628 1417 2673; x_wconf 83' lang='grc' dir='ltr'>καὶ]</span> <span class='ocrx_word' id='word_1_272' title='bbox 1445 2628 1656 2672; x_wconf 83' lang='grc' dir='ltr'>θηριώδους</span> 
     </span>
     <span class='ocr_line' id='line_1_40' title="bbox 246 2686 1656 2734; baseline -0.002 -10"><span class='ocrx_word' id='word_1_273' title='bbox 246 2689 437 2734; x_wconf 83' lang='grc' dir='ltr'>ἑρ[γασίας</span> <span class='ocrx_word' id='word_1_274' title='bbox 458 2690 477 2731; x_wconf 81' lang='grc' dir='ltr'>ἦ</span> <span class='ocrx_word' id='word_1_275' title='bbox 498 2689 719 2734; x_wconf 76' lang='grc' dir='ltr'>δι]αθε’σεως</span> <span class='ocrx_word' id='word_1_276' title='bbox 736 2688 857 2734; x_wconf 88' lang='grc' dir='ltr'>τότ[ε]</span> <span class='ocrx_word' id='word_1_277' title='bbox 883 2706 896 2718; x_wconf 74' lang='lat' dir='ltr'>v</span> <span class='ocrx_word' id='word_1_278' title='bbox 924 2705 937 2719; x_wconf 53' lang='grc' dir='ltr'><strong>ψ</strong></span> <span class='ocrx_word' id='word_1_279' title='bbox 959 2689 1142 2731; x_wconf 86' lang='grc' dir='ltr'>φεύγεται</span> <span class='ocrx_word' id='word_1_280' title='bbox 1175 2689 1190 2733; x_wconf 67' lang='lat' dir='ltr'>ss</span> <span class='ocrx_word' id='word_1_281' title='bbox 1228 2690 1273 2722; x_wconf 78' lang='lat'><strong>29</strong></span> <span class='ocrx_word' id='word_1_282' title='bbox 1292 2690 1371 2722; x_wconf 83' lang='lat' dir='ltr'><strong>sort.</strong></span> <span class='ocrx_word' id='word_1_283' title='bbox 1390 2687 1624 2732; x_wconf 87' lang='grc' dir='ltr'>ποριούμεθα</span> <span class='ocrx_word' id='word_1_284' title='bbox 1653 2686 1656 2701; x_wconf 86' lang='grc'><strong>“</strong></span> 
     </span>
     <span class='ocr_line' id='line_1_41' title="bbox 247 2748 1007 2790; baseline -0.004 -7"><span class='ocrx_word' id='word_1_285' title='bbox 247 2749 292 2783; x_wconf 87' lang='lat'><strong>30</strong></span> <span class='ocrx_word' id='word_1_286' title='bbox 318 2749 410 2783; x_wconf 84' lang='grc' dir='ltr'>ἀλλὰ</span> <span class='ocrx_word' id='word_1_287' title='bbox 437 2751 519 2790; x_wconf 78' lang='grc' dir='ltr'><strong>πῶς</strong></span> <span class='ocrx_word' id='word_1_288' title='bbox 546 2750 675 2782; x_wconf 64' lang='lat' dir='ltr'><strong>codex:</strong></span> <span class='ocrx_word' id='word_1_289' title='bbox 705 2760 792 2781; x_wconf 83' lang='lat' dir='ltr'><strong>corr.</strong></span> <span class='ocrx_word' id='word_1_290' title='bbox 823 2748 1007 2780; x_wconf 79' lang='lat' dir='ltr'><strong>Nauckius</strong></span> 
     </span>
    </p>
   </div>
  </div>
 </body>
</html>
