1842 3250
115 822 182 855 188

117 1357 184 1390 189

118 1563 186 1598 190

122 1972 184 2005 191

210 239 275 271 158
653 240 859 272 EPICVRI
893 241 1168 273 EPISTVLAE

207 353 370 385 nescio.
398 354 478 396 quis
503 353 593 385 hoc?
619 353 751 396 inqui5‚
778 358 955 395 tamquam
981 354 1120 386 nescias
1140 355 1196 386 cui
1215 355 1400 397 imperem:
1427 354 1615 398 Epicurus.

207 418 271 449 sed
297 419 391 450 idem
416 419 484 450 hoc
510 428 634 449 omnes
659 418 726 449 tibi
753 429 794 449 ex
820 419 916 450 omni
944 419 1050 450 domo
1077 418 1362 456 conclamabunt.
1388 417 1616 462 Peripatetici

206 482 415 514 Academici
442 482 554 514 Stoici
582 481 715 523 Cynici.
743 482 822 524 quis
850 483 942 514 enim
969 483 1111 525 placere
1138 482 1274 525 populo
1302 487 1432 525 potest,
1462 481 1519 513 cui
1541 481 1616 524 pla-

207 551 261 578 cet
288 546 421 578 uirtus?
447 546 549 578 malis
576 547 711 578 artibus
738 546 924 589 popularis
952 548 1053 579 fauor
1078 546 1282 590 quaeritur’.

208 611 250 643 cf.
266 610 508 642 Tertullianus
528 611 708 653 apologet.
724 610 768 644 38
794 610 876 643 ‘sed
895 611 1128 654 reprobamus
1147 621 1238 653 quae
1258 611 1398 653 placent
1415 611 1533 649 uobis,
1552 621 1617 643 nec
1643 622 1658 646 ι’»

206 685 272 706 uos
299 681 418 707 nostra
444 676 633 707 delectant.
668 675 731 706 sed
750 675 851 707 licuit
868 675 1055 718 Epicureis
1073 675 1227 718 aliquam
1245 675 1438 707 decernere
1457 674 1618 717 uolupta-

207 740 252 770 tis
279 740 475 778 ueritatem,
503 740 539 771 id
559 745 612 771 est
631 740 737 771 animi
763 741 989 782 aequitatem,
1017 745 1051 772 et
1070 739 1186 782 ampla
1204 740 1349 780 negotia
1367 739 1617 772 Christianae'.

328 820 478 854 SENECA
498 821 601 863 epist.
622 821 738 860 79,15
765 821 899 853 ‘Vides
923 822 1115 864 Epicurum
1141 827 1360 864 quantopere
1386 831 1457 853 non
1485 826 1617 853 tantum

209 885 433 926 eruditiores,
471 886 533 917 sed
560 886 647 918 hacc
674 897 817 928 quoque
845 887 1079 929 inperitorum
1105 886 1209 919 turba
1235 886 1394 918 miretur:
1434 885 1492 917 hic
1519 886 1619 926 igno-

209 954 264 980 tus
283 949 369 992 ipsis
388 949 543 981 Athenis
564 950 640 987 suit,
670 950 762 981 circa
789 960 876 993 quas
902 950 1101 982 delituerat.
1128 950 1249 982 multis
1277 950 1394 993 itaque
1420 950 1490 981 iam
1518 950 1618 981 annis
1645 959 1676 982 m

209 1014 417 1045 Metrodoro
447 1024 511 1045 suo
544 1019 726 1057 superstes
754 1015 789 1046 in
815 1015 967 1057 quadam
995 1014 1160 1058 epistula,
1198 1025 1275 1047 cum
1303 1014 1490 1047 amicitiam
1520 1024 1618 1046 suam

210 1083 244 1109 et
270 1077 469 1110 Metrodori
502 1085 599 1119 grata
629 1080 968 1112 commemoratione
1000 1080 1201 1118 cecinisset,
1239 1079 1307 1111 hoc
1340 1079 1533 1111 nouissime
1561 1078 1619 1110 ad·

207 1143 303 1181 iecit,
344 1143 456 1175 nihil
490 1143 648 1176 sibiet
676 1144 940 1176 Metrodoro
967 1144 1083 1175 inter
1109 1143 1224 1176 bona
1248 1149 1368 1176 tanta
1395 1143 1618 1180 nocuisse,

211 1208 326 1250 quod
362 1208 483 1250 ipsos
520 1208 602 1240 illa
639 1208 812 1240 nobilis
840 1209 1027 1241 (rraecia
1054 1219 1139 1241 non
1164 1209 1343 1250 ignotos
1380 1208 1520 1240 solum
1546 1208 1619 1240 ha·

211 1272 401 1311 buisset,
428 1272 503 1305 sed
530 1283 665 1316 paene
691 1273 950 1307 inauditos’.
1646 1282 1678 1308 15

331 1352 585 1387 PLVTARCHVS
612 1359 732 1386 contra
758 1354 904 1400 Epicuri
930 1355 1189 1386 beatitudinem
1216 1353 1237 1387 6
1263 1364 1296 1396 p.
1318 1353 1426 1387 1090Β
1471 1380 1477 1386 .
1499 1379 1505 1386 .
1526 1379 1533 1386 .
1561 1353 1621 1386 καὶ

212 1417 404 1460 θαλάσσης
431 1417 623 1460 σήραγγας
647 1418 712 1459 ὑφ’
731 1416 788 1458 αἷς
806 1417 1022 1461 Ἐπίκουρος
1049 1417 1175 1459 ὀλίγον
1203 1418 1335 1460 ἐδέησε
1362 1419 1623 1459 καταποθῆναι

211 1482 337 1516 πλέων
366 1480 417 1523 εἰς
445 1482 664 1525 Λάμψακον,
692 1482 743 1523 ὡς
771 1482 918 1526 γράφει,

332 1562 587 1596 PLVTARCHVS
619 1569 740 1596 contra
766 1563 912 1606 Epicuri
938 1564 1193 1595 beatitudinem
1229 1563 1270 1596 1ss
1297 1563 1461 1607 ρ,109“ι“θ
1514 1563 1558 1596 τὸ
1590 1563 1622 1597 δ’

211 1628 430 1672 Ἐπίκουρον
468 1628 560 1671 πρὸς
597 1628 798 1669 εὐπαθείας
830 1627 1048 1671 ἐπαίρεσθαι
1079 1630 1232 1662 ναυτῶν
1270 1627 1376 1670 δίκην
1403 1627 1622 1670 Ἀφροδίσια
1646 1638 1680 1663 ‘20

212 1693 386 1734 ἀγόντων
421 1694 480 1727 καὶ
514 1694 607 1734 μέγα
641 1696 807 1736 φρονεῖν,
847 1693 904 1726 ὅτι
942 1692 1063 1737 νόσῳ
1102 1695 1253 1727 νοσῶν
1293 1692 1456 1735 ἀσκίτῃ
1497 1692 1623 1733 τινὰς

214 1758 445 1798 ἑστιάσεις
470 1756 618 1800 φίλων
645 1759 814 1799 συνῆγε
841 1758 918 1790 καὶ
945 1757 1028 1791 οὐκ
1055 1757 1246 1799 ἐφθόνει
1273 1759 1355 1799 τῆς
1381 1766 1622 1800 προσαγω-

212 1826 294 1864 γῆς
331 1825 416 1856 τοῦ
453 1824 596 1865 ὑγροῦ
632 1825 693 1866 τῷ
730 1822 906 1865 ὕδρωπι
933 1848 940 1856 .
962 1849 968 1856 .
991 1849 996 1855 .
1019 1849 1045 1864 .,
1087 1820 1194 1855 ταῦτ’
1221 1822 1344 1862 οὐδεὶς
1372 1821 1416 1855 ἂν
1443 1821 1624 1863 ὑγιαίνων

213 1887 453 1930 εὐφροσύνας
481 1887 630 1929 ἀληθεῖς
655 1887 678 1929 ἢ
706 1887 823 1930 χαρὰς
848 1886 1081 1929 ὀνομάσειεν.

310 1967 358 2002 Μ.
381 1970 577 2002 ΑνιιΕῐᾸνε
603 1976 644 2001 ix
672 1970 715 2001 41
752 1968 792 2002 ‘O
820 1967 1038 2012 Ἐπίκουρος
1062 1968 1173 2010 λέγει,
1201 1968 1257 2002 ὅτι
1285 1969 1325 2002 ἑν
1351 1971 1397 2011 τῇ
1424 1968 1527 2012 νόσῳ
1554 1967 1623 2001 οὐκ
1647 1981 1680 2006 25

215 2033 311 2075 ἦσάν
346 2044 408 2075 μοι
441 2033 478 2067 αἱ
504 2033 640 2075 ὁμιλίαι
676 2034 761 2077 περὶ
795 2036 872 2067 τῶν
904 2036 974 2067 τοῦ
1011 2032 1204 2074 σωματίου
1238 2034 1372 2067 παθῶν
1406 2032 1495 2066 οὐδὲ
1530 2031 1624 2074 πρὸς

214 2098 303 2138 τοὺς
330 2098 516 2139 εἰσιόντας
543 2098 702 2132 τοιαῦτά
727 2109 822 2141 τινα,
857 2096 985 2141 φησίν,
1020 2098 1197 2132 ἐλάλουν·
1242 2097 1335 2131 ἀλλὰ
1360 2097 1408 2131 τὰ
1434 2097 1622 2140 προηγού-

215 2173 309 2204 μενα
334 2165 578 2205 φυσιολογῶν
606 2163 796 2197 διετέλουν
823 2164 883 2196 καὶ
910 2163 1004 2206 πρὸς
1029 2163 1134 2205 αὐτῷ
1159 2162 1286 2206 τούτῳ
1315 2161 1378 2203 ῶν,
1405 2164 1487 2202 πῶς
1504 2161 1527 2203 ἡ
1547 2160 1624 2195 διά-

214 2238 299 2261 νοια
321 2227 736 2269 συμμεταλαμβάνουσα
765 2229 843 2260 τῶν
871 2227 910 2261 ἐν
938 2229 992 2270 τῷ
1018 2226 1198 2270 σαρκιδίῳ
1224 2227 1412 2260 τοιούτων
1438 2225 1624 2267 κινήσεων

215 2291 408 2335 ἀταρακτῇ
432 2293 477 2326 τὸ
501 2292 596 2326 ἴδιον
624 2292 767 2334 ἀγαθὸν
792 2295 973 2335 τηροῦσα.
1001 2291 1090 2325 οὐδὲ
1116 2294 1195 2331 τοῖς
1221 2289 1362 2334 ἰατροῖς
1387 2290 1623 2332 ἑμπαρεῑχον,
1649 2305 1681 2329 30

214 2356 320 2399 φησί,
346 2357 703 2400 καταφρυάττεσθαι
730 2357 781 2398 ὥς
806 2367 842 2390 τι
868 2359 1054 2398 ποιοῦσιν,
1092 2355 1171 2389 ἀλλ’
1199 2357 1219 2389 ὸ
1247 2354 1324 2397 βίος
1348 2355 1465 2396 ἤγετο
1492 2355 1533 2389 εὖ
1565 2355 1625 2388 καί

215 2423 347 2462 καλῶς.

341 2532 354 2564 l
385 2531 465 2563 sort.
495 2533 660 2573 implicer
694 2542 740 2563 sc.
768 2541 848 2563 aere
876 2531 994 2563 alieno
1048 2530 1063 2572 ΙΙ
1121 2530 1161 2562 17
1194 2529 1388 2563 Θάλασσαν
1415 2528 1626 2571 εὐβράγκην

216 2589 275 2622 uel
304 2589 515 2632 εὐκράγκην
542 2590 625 2622 libri
664 2590 743 2624 θάλ.
778 2590 964 2632 ἐκρακτὴν
996 2588 1060 2631 ὑφ’
1090 2588 1132 2630 ἧς
1165 2589 1257 2620 coni.
1284 2588 1584 2630 *wyttenbachius
1625 2586 1628 2630 ἱ

221 2648 262 2682 18
288 2649 332 2682 cs.
360 2649 401 2681 fr.
425 2650 490 2682 176
519 2656 552 2681 et
577 2650 691 2682 Laert.
719 2658 745 2682 x
778 2649 818 2681 10
846 2649 900 2689 δὶς
926 2648 948 2690 ἢ
972 2648 1050 2690 τρὶς
1075 2648 1165 2688 τοὺς
1191 2647 1274 2689 περὶ
1301 2647 1371 2688 τὴν
1399 2645 1539 2680 Ἰωνίαν
1566 2646 1626 2679 τό-

216 2718 312 2750 πους
344 2708 437 2751 πρὸς
471 2709 560 2749 τοὺς
592 2708 725 2751 φίλους
759 2709 1014 2752 διαδραμόντα
1063 2705 1080 2752 Η
1132 2708 1174 2740 19
1201 2707 1244 2741 τὸ
1273 2707 1312 2740 δὲ
1340 2706 1424 2749 περὶ
1450 2708 1518 2739 τοῦ
1545 2705 1627 2737 libri

215 2767 260 2803 τὸ
288 2767 320 2801 δ’
347 2767 566 2811 Ἐπικούρου
597 2769 689 2801 coni.
716 2766 1017 2811 wyttenbachius
