1842 3250
37 569 107 603 404

75 969 106 992 10

35 1171 105 1205 405

74 1309 105 1334 15

34 1379 104 1412 406

72 1988 105 2014 25

29 2371 102 2405 408

72 2447 103 2471 31

628 244 738 276 EPIC
745 245 833 276 VRI
859 245 1046 277 ETHICA
1475 243 1545 277 277

133 367 178 391 ιιῐ
204 370 237 401 p.
257 358 340 396 413,
359 357 381 390 2
419 356 464 391 Οἰ
490 356 733 400 Ἐπικούρειοι
761 356 880 399 μόνην
907 357 1051 399 ἡδονὴν
1082 357 1260 398 ἐσέβοντο
1295 357 1399 391 ἄθεοι
1426 357 1544 398 ὄντες.

134 424 178 456 cf.
206 422 319 455 schol.
347 422 495 454 Luciani
523 423 584 454 Bis
612 432 726 455 accus,
755 422 802 454 20
829 422 866 463 (t.
890 429 931 454 lv
956 433 990 464 p.
1009 422 1079 455 209
1106 421 1193 465 Iac.)
1231 422 1289 455 ὅτι
1319 421 1354 455 οἱ
1380 421 1547 455 Ἐπικού-

133 497 226 530 ρειοι
252 487 357 521 ἄθεοι
383 487 490 528 ὄντες
516 487 659 530 ἡδονήν
689 486 809 529 μόνην
836 485 1094 530 ἐπρέσβευον]

254 569 497 602 ALEXANDER
517 569 552 601 in
570 569 681 602 Arist.
703 574 773 611 top.
792 569 862 612 p.9
889 568 1030 602 οὐδ’ἐν
1058 566 1115 609 οἷς
1141 568 1190 609 μὴ
1217 567 1262 601 τὸ
1289 566 1429 601 οἰκεῖον
1457 575 1547 608 συμ-

132 633 306 676 πέρασμα
335 633 564 676 ἐπιφέρεται,
605 634 695 668 ἄλλο
729 633 769 667 δέ
802 645 836 667 τι
871 634 1058 675 ἑπόμενον
1091 632 1224 677 ἐκείνῳ
1251 632 1273 674 ἢ
1301 632 1547 674 συμβεβηκός.

132 698 213 732 οὐδ’
241 698 346 732 οὗτοι
372 698 626 741 συλλογισμοί,
655 699 700 733 οὐ
726 699 798 742 γὰρ
825 699 884 732 διὰ
911 700 989 732 τῶν
1017 698 1218 740 κειμένων·
1253 695 1335 731 οἷον
1363 699 1395 731 εί
1421 697 1547 738 λαβών

131 773 186 803 τις
212 763 282 805 τὴν
309 763 452 806 ἡδονὴν
479 764 574 798 κατὰ
600 764 715 806 φύσιν
743 764 802 798 καὶ
829 764 872 797 τὸ
900 764 994 798 κατὰ
1021 764 1137 806 φύσιν
1164 762 1315 805 αἱρετὸν
1344 759 1546 804 συμπεραί-

130 822 236 862 νοιτο
268 827 339 870 τὴν
374 827 516 870 ἡδονὴν
548 827 692 868 ἀγαθὸν
721 829 825 862 εἶναι.
871 828 916 861 οὐ
943 827 1015 870 γὰρ
1043 828 1159 860 τοῦτο
1187 824 1375 859 δείκνυται
1403 824 1443 858 ἐκ
1468 826 1547 858 τῶν

132 893 326 935 κειμένων,
355 891 386 926 εἰ
412 892 472 926 καὶ
497 891 627 926 ἕπεται
654 891 690 926 ἐξ
717 891 883 934 ἀνάγκης
909 895 963 934 τῷ
992 891 1252 935 συναγομένῳ.

132 956 314 992 GALENVS
347 958 391 990 de
418 958 649 1000 Hippocratis
677 964 711 989 et
737 957 899 990 Platonis
930 958 1105 998 dogmatis
1134 964 1177 989 lv
1204 957 1225 989 4
1251 961 1276 988 t.
1296 963 1321 988 V
1347 966 1382 998 p.
1400 954 1470 988 388
1496 955 1547 988 K.

131 1033 166 1065 p.
182 1022 263 1061 359,
283 1022 325 1055 14
343 1021 470 1056 Muell.
495 1022 541 1056 τὸ
558 1025 652 1063 γοῦν
680 1022 854 1065 οἰηθῆναι
880 1022 950 1064 τὴν
975 1022 1119 1064 ἡδονὴν
1146 1020 1290 1063 ἀγαθὸν
1317 1021 1423 1061 εἶναι,
1450 1019 1547 1053 καθά

131 1096 201 1129 περ
227 1087 249 1121 ὁ
276 1085 501 1130 Ἐπίκουρος,
529 1087 793 1130 ἡμαρτημένος
819 1098 860 1121 τε
886 1087 999 1128 λόγος
1026 1087 1105 1121 ἐστὶ
1132 1085 1191 1120 καὶ
1219 1083 1373 1127 ψευδής.

250 1167 506 1202 ΡιντΑιιοΗνε
533 1175 656 1201 contra
680 1169 824 1212 Epicuri
851 1169 972 1202 beatit.
999 1169 1020 1201 2
1048 1179 1081 1211 p.
1105 1166 1214 1202 lOS7¹³
1243 1168 1364 1207 δοκεῖς
1390 1166 1459 1201 οὖν
1487 1176 1548 1207 μοι

130 1234 180 1276 μὴ
213 1233 262 1267 τὸ
291 1233 377 1276 ἡδὺ
403 1233 616 1277 ἐξαιρεῖν,
658 1234 709 1275 ὥς
735 1243 863 1276 φασιν,
904 1233 997 1267 ἀλλὰ
1023 1233 1068 1267 τὸ
1095 1234 1164 1274 ζῆν
1191 1232 1430 1275 ἀφαιρεῖσθαι
1458 1230 1548 1271 τοὺς

130 1299 279 1342 ἄνδρας,
307 1297 340 1333 εἰ
366 1298 411 1332 τὸ
439 1300 507 1342 ζῆν
535 1299 657 1342 ἡδέως
683 1299 732 1341 μὴ
762 1296 981 1340 ἀπολείψεις
1007 1298 1147 1338 αὐτοῖς.

249 1379 491 1423 (ANTIOCHVS
523 1380 663 1423 Ascal.)
696 1380 891 1412 Clementis
924 1380 1031 1412 Alex.
1064 1385 1183 1412 strom.
1216 1386 1241 1411 11
1269 1379 1311 1411 21
1346 1389 1380 1421 p.
1405 1377 1482 1415 178,
1502 1377 1548 1409 46

129 1443 317 1487 Αἰρετὸν
351 1445 391 1479 δὲ
426 1444 521 1479 εἶναί
553 1453 669 1488 φησιν
704 1443 959 1488 (Ἐπίκουρος)
997 1443 1018 1477 ὃ
1052 1445 1206 1487 πρῶτον
1240 1442 1276 1476 ἐξ
1310 1442 1449 1476 ἑαυτοῦ
1484 1440 1544 1482 ἐφ’

130 1509 244 1543 ἑαυτὸ
271 1509 486 1551 ἐπισπᾶται,
514 1510 666 1550 πάντως
694 1509 869 1552 δηλονότι
897 1509 937 1543 ἑν
965 1507 1108 1551 κινήσει
1134 1506 1316 1550 ὑπάρχον.

250 1590 444 1624 Lfflmws
472 1591 584 1625 DIOG.
610 1600 636 1624 x
667 1591 731 1624 121
777 1591 846 1633 τὴν
874 1588 1116 1632 εὐδαιμονίαν
1145 1589 1227 1632 διχῇ
1255 1590 1434 1630 νοεῖσθαι,
1474 1587 1546 1630 τήν

129 1665 171 1690 τε
198 1655 425 1699 ἀκροτάτην,
453 1656 514 1690 οἵα
541 1656 620 1690 ἐστὶ
647 1656 731 1698 περὶ
757 1655 824 1689 τὸν
852 1655 952 1696 Θεόν,
979 1654 1150 1689 ἐπίτασιν
1178 1654 1247 1687 οὐκ
1275 1654 1456 1696 ἔχουσαν·
1485 1653 1546 1686 καὶ

128 1720 199 1762 τὴν
227 1720 344 1765 (κατὰ
371 1719 463 1765 τὴν)
491 1719 714 1764 προσθήκην
743 1721 802 1754 καὶ
831 1719 1030 1763 ἀφαίρεσιν
1058 1719 1219 1762 ἡδονῶν.

129 1785 171 1819 cf.
190 1786 416 1827 Augustinus
442 1786 598 1819 consess.
626 1793 664 1818 VI
690 1785 736 1819 26
764 1785 816 1818 ‘et
842 1785 1067 1828 disputabam
1095 1795 1173 1817 cum
1200 1784 1321 1816 amicis
1347 1782 1546 1825 meisAly—

128 1852 188 1894 pio
209 1856 242 1883 et
261 1851 439 1883 Nebridio
467 1851 510 1884 de
536 1852 665 1883 finibus
694 1852 867 1883 bonorum
895 1859 929 1883 et
954 1851 1139 1888 malorum,
1167 1849 1359 1892 Epicurum
1385 1854 1546 1889 acceptu-

130 1927 204 1948 rum
231 1916 341 1948 fuisse
368 1916 520 1959 palmam
545 1917 580 1948 in
607 1917 723 1948 animo
751 1927 841 1954 me0,
868 1916 938 1947 nisi
957 1926 1023 1957 ego
1043 1915 1278 1947 credidissem
1296 1918 1379 1957 post
1396 1917 1545 1944 mortem

129 1986 259 2013 restare
293 1981 429 2013 animae
459 1981 566 2013 uitam
597 1986 631 2013 et
657 1986 787 2013 tractus
818 1982 1032 2018 meritorum.
1072 1979 1169 2023 quod
1196 1980 1372 2022 Epicurus
1400 1977 1544 2010 credere

129 2045 255 2079 noluit.
284 2050 318 2077 et
338 2046 563 2088 quaerebam,
590 2046 620 2078 si
647 2056 805 2077 essemus
833 2045 1038 2077 inmortales
1067 2050 1100 2076 et
1126 2045 1161 2076 in
1187 2048 1358 2087 perpetua
1382 2041 1545 2085 corporis

128 2111 313 2154 uoluptate
346 2110 421 2142 sine
454 2109 531 2142 ullo
559 2110 759 2142 amissionis
787 2118 918 2141 terrore
946 2109 1157 2147 uiueremus,
1199 2118 1259 2140 cur
1285 2118 1357 2140 non
1385 2116 1544 2139 essemus

129 2175 226 2207 beati
252 2179 310 2206 aut
337 2174 422 2217 quid
449 2174 547 2206 aliud
575 2173 852 2217 quaereremus'.

178 2291 246 2323 DE
272 2291 568 2324 VOLVPTATE
594 2291 836 2324 MOVENTE

252 2372 453 2406 ARmAxvs
484 2373 600 2416 Epict.
631 2373 771 2405 dissert.
801 2380 814 2405 1
841 2372 898 2411 20,
928 2372 970 2404 17
1011 2371 1056 2405 ἂν
1085 2370 1153 2405 οὖν
1180 2369 1300 2404 ἐλθὼν
1327 2368 1544 2411 Ἐπίκουρος

131 2436 216 2481 εἴπῃ
243 2436 301 2471 ὅτι
329 2437 368 2471 ἑν
398 2437 506 2480 σαρκὶ
534 2438 627 2472 εἶναι
655 2437 710 2472 δεῖ
735 2437 779 2470 τὸ
807 2436 961 2478 ἀγαθόν,
998 2435 1110 2470 πάλιν
1144 2434 1287 2478 μακρὸν
1313 2433 1456 2475 γίνεται
1482 2433 1543 2467 καί

129 2501 276 2544 ἀνάγκη
303 2501 474 2543 ἀκοῦσαι,
500 2500 536 2535 τί
565 2501 609 2535 τὸ
637 2501 927 2544 προηγούμενον
955 2501 1056 2534 ἐστιν
1083 2499 1143 2542 ἐφ’
1171 2500 1290 2541 ἡμῶν,
1319 2497 1354 2532 τί
1379 2498 1424 2532 τὸ
1452 2498 1542 2532 ὑπο-

131 2566 309 2600 στατικὸν
337 2568 396 2600 καὶ
423 2567 616 2607 οὐσιῶδες.
656 2567 714 2600 ὅτι
738 2566 782 2599 τὸ
813 2564 964 2607 κοχλίου
990 2565 1135 2605 ἀγαθὸν
1161 2564 1231 2598 οὐκ
1256 2563 1355 2604 εἰκὸς
1382 2564 1475 2597 εἶναι
1503 2563 1543 2596 ἐν

254 2721 268 2753 1
299 2720 479 2754 ἐσεύοντο
507 2721 618 2752 codex
654 2717 670 2764 1}
704 2720 725 2752 6
753 2719 784 2754 εἰ
809 2720 903 2763 λάβῃ
930 2719 1051 2751 Aldus
1086 2719 1101 2761 11
1139 2718 1181 2752 18
1205 2717 1386 2760 ὑπάρχων
1412 2717 1542 2749 codex:

130 2789 218 2812 corr.
245 2779 426 2811 Heruetus
468 2778 484 2823 ΙΙ
523 2779 571 2812 20
596 2778 768 2813 ἐπίτασιν
797 2778 878 2822 <mi
906 2776 1055 2820 ἄνεσιν)
1087 2777 1156 2812 οὐκ
1183 2777 1392 2809 Gassendus
