1846 3288
526 243 594 276 DE
619 244 829 277 LAERTII
855 245 910 278 SC
914 243 1154 278 RIPTIONE
1430 243 1549 277 XXV

252 425 347 464 Non
384 437 557 463 necesse
595 435 659 463 est
702 425 1008 464 demonstretur
1049 426 1341 465 additamentis
1384 427 1549 465 duobus

137 493 350 544 prioribus,
382 492 462 531 etsi
492 493 720 530 secundum
752 494 805 531 ad
836 494 1013 532 Socratis
1045 493 1302 544 disciplinam
1331 495 1511 544 pertinet
1522 492 1549 543 1,

139 562 273 599 locum
294 560 447 598 nullum
480 559 604 598 fuisse
634 560 675 597 in
696 561 885 610 primario
918 567 1128 609 contextu,
1160 573 1241 599 nec
1272 573 1466 611 umquam
1497 563 1549 600 ab

137 640 190 666 eo
220 627 418 678 scriptore
450 627 571 666 inseri
600 627 787 677 potuisse
821 629 889 677 qui
920 630 1066 666 saltem
1097 628 1276 678 speciem
1307 629 1550 667 narrationis

137 696 360 734 continuae
379 694 606 743 affectaret,
631 696 708 733 sed
727 696 1000 745 neglegenter
1021 702 1066 733 ut
1087 695 1130 733 fit
1151 696 1323 745 margini
1345 697 1552 746 adscripta

137 762 420 813 neglegentius
451 774 476 800 a
506 762 672 800 librariis
705 762 859 800 inserta
891 774 995 803 esse.
1056 775 1153 801 nam
1184 763 1347 801 tertium
1386 764 1550 803 addita·

135 836 333 881 mentum,
377 830 488 880 quod
531 830 681 867 eadem
722 841 850 879 opera
886 842 977 868 cum
1008 831 1084 868 illis
1114 831 1313 868 intrusum
1344 837 1418 875 est,
1463 830 1551 880 ipsa

137 899 237 936 sede
276 897 477 947 arguitur;
518 897 696 946 pertinet
737 898 846 934 enim
887 899 940 934 ad
984 898 1005 944 ἓ
1040 899 1061 936 ’7
1105 895 1357 938 ἐπανελθὼν
1398 896 1447 937 δὲ
1489 894 1551 946 εἰς

137 957 321 1014 Ἀθήνας
365 962 572 1014 διέτριβεν
611 961 659 1003 ἐν
698 960 957 1017 Ἀκαδημείᾳ
1005 964 1106 1011 κτλ.,
1152 977 1259 1015 quae
1308 966 1435 1003 uerba
1481 966 1550 1014 qui

137 1033 370 1083 scripserat,
415 1045 498 1071 non
529 1032 810 1081 distinguebat
846 1033 975 1083 ipsam
1007 1033 1275 1071 Academiam
1305 1033 1356 1070 ab
1388 1033 1551 1070 hortulo

138 1100 316 1139 Platonis
338 1097 409 1148 (cf.
431 1101 483 1138 20
507 1097 704 1149 κηπίδιον
724 1098 774 1139 τὸ
809 1097 855 1139 ἐν
874 1098 1166 1152 Ἀκαδημείᾳ).
1201 1100 1361 1146 Quarto
1393 1100 1551 1149 supple—

137 1174 277 1205 mento
308 1179 398 1205 cum
430 1167 550 1216 spatii
568 1180 652 1205 non
674 1168 772 1204 satis
796 1175 975 1217 uacaret,
1007 1169 1155 1205 misere
1177 1169 1428 1217 discerptum
1460 1176 1569 1215 est·‚,

137 1236 342 1273 diuersam
379 1235 578 1285 originem
620 1235 683 1272 uel
723 1235 942 1273 dissonans
980 1236 1175 1273 memoria
1207 1235 1274 1280 §8
1308 1236 1461 1272 euincit
1492 1235 1550 1283 μῖ-

137 1301 200 1343 ξίν
230 1314 276 1342 τε
309 1300 547 1351 ἐποιήσατο
582 1303 670 1342 τῶν
701 1314 747 1342 τε
778 1300 1104 1351 Ἡρακλειτείων
1136 1300 1278 1350 λόγων
1308 1300 1378 1341 καὶ
1406 1299 1550 1342 Πυθα-

135 1370 320 1420 γορικῶν
350 1367 420 1409 καὶ
450 1369 756 1420 Σωκρατικῶν;
798 1371 971 1408 iusserat
1002 1377 1142 1408 autem
1174 1370 1242 1420 qui
1272 1370 1444 1419 margini
1474 1371 1548 1406 ad-

139 1437 298 1487 scripsit
326 1437 531 1487 interponi
560 1439 667 1475 inter
695 1438 830 1476 locum
863 1439 917 1475 de
948 1438 1123 1488 poeticis
1146 1438 1294 1475 studiis
1326 1449 1368 1475 et
1398 1439 1451 1475 de
1475 1438 1549 1476 So—

139 1512 263 1557 crate,
292 1505 407 1543 cuius
437 1505 494 1542 rei
520 1506 714 1543 indicium
746 1506 917 1556 primum
947 1506 1195 1543 uocabulum
1226 1506 1424 1543 enuntiati
1461 1506 1549 1542 eius

139 1574 253 1622 quod
275 1574 390 1623 sequi
407 1573 589 1611 debebat
607 1570 752 1614 ἔπειτα
776 1574 949 1617 uexauit,
973 1574 1087 1622 quod
1113 1579 1195 1610 tam
1218 1573 1404 1622 religiose
1427 1585 1550 1621 qnam

138 1642 277 1689 inepte
313 1641 461 1678 librarii
498 1647 735 1680 seruarunt:
785 1643 861 1679 sed
904 1641 1027 1678 etiam
1067 1641 1100 1678 si
1131 1640 1347 1678 consilium
1384 1640 1551 1677 editoris

139 1708 285 1746 librarii
313 1708 620 1758 perspexissent
651 1716 693 1747 et
723 1709 852 1747 secuti
884 1715 1037 1759 essent,
1075 1720 1198 1745 nemo
1230 1720 1312 1746 non
1345 1709 1459 1746 uidet
1489 1709 1553 1745 illa

141 1776 348 1814 sententia
371 1776 577 1814 inculcata
600 1776 724 1814 nihilo
746 1777 879 1814 minus
912 1776 1090 1814 futuium
1122 1775 1248 1812 fuisse
1281 1782 1325 1812 ut
1355 1777 1552 1813 narratio-

139 1844 201 1881 nis
235 1843 339 1881 ordo
375 1843 522 1894 planus
559 1850 601 1881 et
637 1844 836 1893 genuinus
867 1844 1044 1894 pessime
1081 1844 1391 1893 dirumperetur.
1451 1843 1554 1882 haec

140 1917 282 1949 autem
324 1917 520 1960 quattuor
555 1912 844 1950 additamenta
888 1913 978 1961 quis
1024 1913 1170 1949 credat
1201 1912 1252 1948 ab
1280 1924 1362 1948 uno
1405 1911 1553 1949 eadem

140 1989 267 2027 opera
296 1979 507 2029 adscripta
536 1976 659 2017 esse?
717 1991 825 2029 quae
856 1980 889 2016 si
930 1979 1226 2029 pedetemptim
1263 1979 1343 2015 alia
1375 1979 1426 2015 ab
1465 1977 1553 2016 aliis

139 2046 306 2083 adiecta
344 2057 436 2084 esse
474 2053 797 2084 consentaneum
835 2053 910 2094 est,
953 2053 1070 2085 uetus
1110 2047 1257 2096 opino·
1295 2046 1466 2096 emergit
1497 2047 1552 2082 de

140 2113 234 2150 uitis
264 2113 421 2163 scriptis
452 2114 655 2164 dogmatis
676 2113 1013 2165 philosophorum
1044 2114 1143 2151 liber
1173 2126 1197 2152 a
1226 2113 1405 2164 pluribus
1437 2113 1554 2150 iden·

141 2179 270 2219 tidem
300 2186 544 2219 retractatus
576 2187 618 2219 et
650 2188 807 2221 auctus,

253 2247 348 2286 Non
368 2248 501 2287 minus
533 2255 676 2300 aperta
706 2250 748 2287 in
769 2248 872 2287 libro
897 2248 1057 2287 decimo
1091 2248 1193 2287 illius
1224 2249 1403 2287 incuriae
1433 2261 1555 2298 appa·

140 2321 230 2354 rent
261 2316 449 2365 uestigia.
509 2316 605 2355 uide
636 2328 719 2367 quo
751 2317 878 2355 modo
910 2316 1099 2354 ultimum
1122 2315 1285 2365 Epicuri
1318 2317 1371 2353 ad
1393 2316 1550 2353 Idome-

262 2498 280 2532 1
307 2499 457 2542 primum
483 2510 525 2531 ex
550 2499 730 2532 Timothei
757 2500 802 2531 de
835 2499 919 2532 uitis
955 2499 1048 2531 libro
1077 2499 1312 2542 desumptum,
1340 2499 1432 2531 unde
1459 2498 1558 2541 plura

140 2558 178 2590 in
203 2558 345 2591 Laertio
378 2558 423 2591 de
455 2559 567 2592 forma
600 2565 635 2592 et
668 2559 792 2591 habitu
824 2558 1125 2602 philosophorum
1157 2559 1267 2601 petita
1294 2568 1368 2590 suni
1400 2559 1443 2591 cf.
1470 2567 1510 2591 lv
1537 2556 1558 2591 4

138 2625 195 2650 v11
220 2616 258 2654 1:
287 2627 399 2659 aeque
425 2617 614 2661 postmodo
641 2618 772 2650 inserta
798 2628 887 2660 quae
914 2618 958 2649 de
986 2617 1181 2649 Aristotele
1210 2617 1365 2648 seruntur
1390 2626 1413 2648 v
1436 2616 1470 2659 1,
1496 2615 1559 2648 ubi

141 2676 302 2719 primitus
336 2677 631 2710 continuabantur
664 2677 775 2710 uerba
807 2677 920 2718 οὗτος
954 2677 1217 2720 γνησιώτατος
1243 2679 1322 2710 τῶν
1348 2675 1557 2716 Πλάτωνος

141 2736 323 2778 μαθητῶν
353 2734 501 2779 ἀπέστη
532 2734 608 2781 [δὲ]
636 2735 847 2777 Πλάτωνος
881 2736 935 2770 ἔτι
962 2736 1160 2779 περιόντος
1185 2737 1275 2775 xm„
1303 2746 1418 2779 neque
1445 2735 1559 2767 minus

141 2803 229 2837 qnae
255 2794 298 2827 de
324 2794 528 2838 Speusippo
552 2794 720 2837 leguntur
745 2804 785 2831 lv
810 2794 845 2829 4.
