1842 3250
670 211 875 242 EPICVRI
904 211 1120 243 PHYSICA
1535 213 1605 246 203

87 324 157 357 285
309 323 489 357 GALENVS
516 326 560 356 de
590 325 705 368 simpl.
733 326 860 358 medie.
888 334 900 358 1
931 327 974 359 14
999 332 1020 358 t.
1044 334 1083 359 xl
1109 338 1143 369 p.
1164 327 1234 360 405
1260 327 1310 360 K.
1355 328 1604 370 μεμνημένων

187 387 255 432 ἀεί,
291 390 373 430 πῶς
407 388 556 429 λέγεται
589 389 694 432 χώρα
726 390 815 431 κενὴ
849 390 943 432 πρὸς
969 392 1047 424 τῶν
1076 391 1246 433 ἡνῶσθαι
1272 392 1504 433 φασκόντων
1534 393 1605 434 τὴν

188 452 333 495 οὐσίαν,
373 452 431 486 ὅτι
459 454 508 495 μὴ
537 453 633 488 καθά
660 464 730 496 περ
758 453 965 498 Ἐπικούρῳ
998 455 1057 488 καὶ
1084 455 1338 499 Ἀσκληπιάδῃ
1369 457 1483 499 δοκεῖ,
1526 457 1604 491 ἀλλ’

187 517 291 551 ἔστιν
318 516 429 560 ἀέρος
456 517 601 560 πλήρης
633 517 673 551 ἑν
701 517 817 551 ἅπασι
843 521 923 559 τοῖς
951 518 1094 562 ἀραιοῖς
1121 520 1291 560 σώμασιν
1319 521 1342 562 ἡ
1370 521 1460 563 κενὴ
1487 521 1603 564 χώρα.

143 588 158 612 5
186 581 238 615 id.
264 582 301 613 in
326 582 502 625 Hippocr.
531 582 682 623 epidem.
702 589 742 614 vl
770 593 893 615 comm.
921 591 961 615 lv
995 583 1037 616 10
1063 590 1086 616 t.
1106 591 1191 616 XVII
1220 585 1241 617 2
1268 596 1303 627 p.
1329 585 1392 617 162
1411 585 1463 618 Κ.
1491 585 1536 618 τὸ
1564 585 1605 619 δὲ

186 645 297 686 κενὰς
324 644 419 680 εἷναί
444 656 549 686 τινας
567 646 692 688 χώρας
719 647 740 688 ἢ
768 647 864 680 κατὰ
890 648 935 681 τὸ
963 648 1066 691 ὕδωρ
1092 649 1115 689 ἢ
1143 648 1239 682 κατὰ
1265 649 1333 682 τὸν
1360 649 1453 692 ἀέρα
1471 652 1518 693 τῇ
1538 650 1606 691 μὲν

186 710 408 753 Ἐπικούρου
434 721 476 744 τε
504 712 564 745 καὶ
583 711 859 754 Ἀσκληπιάδου
890 713 978 756 δόξῃ
1006 714 1090 756 περὶ
1117 715 1196 747 τῶν
1221 713 1419 755 στοιχείων
1448 714 1606 748 ἀκόλου-

187 776 254 809 θόν
278 774 371 810 ἐστι.

87 857 159 891 286
308 855 562 890 ΡΙΝΤΑποιινε
582 858 662 891 adu.
681 858 836 890 Coloten
859 859 900 891 10
919 870 951 900 p.
972 857 1082 891 1112b
1109 858 1145 892 οἳ
1171 859 1211 892 δέ
1238 858 1521 901 (Ἐπικούρειοι)
1539 858 1608 899 τὰς

129 932 160 957 ιο
186 921 398 965 ἀτρέπτους
433 923 493 955 καὶ
529 922 761 963 ἀσυμπαθεῖς
796 923 961 963 ἀτόμους
995 923 1046 964 εἰς
1080 923 1200 957 ταύτὸ
1235 923 1536 964 συνελαύνοντες
1570 924 1606 958 ἐξ

186 986 315 1020 αὐτῶν
342 986 409 1027 μὲν
434 986 558 1028 οὐδέν,
586 988 715 1021 αὐτῶν
744 988 783 1021 δὲ
811 988 951 1028 πολλὰς
977 991 1129 1022 ποιοῦσι
1156 989 1216 1021 καὶ
1243 991 1412 1029 συνεχεῖς
1438 988 1605 1030 πληγάς·

186 1051 210 1093 ἡ
245 1050 317 1093 γὰρ
350 1052 560 1093 περιπλοκὴ
599 1052 801 1085 κωλύουσα
839 1052 909 1092 τὴν
946 1053 1114 1086 διάλυσιν
1151 1054 1291 1093 μᾶλλον
1326 1051 1502 1087 ἐπιτείνει
1535 1052 1606 1094 τὴν

187 1114 429 1157 σύγκρουσιν,
471 1116 565 1157 ὥςτε
599 1117 692 1159 μηδὲ
727 1119 820 1158 μῖξιν
855 1118 950 1150 εἶναι
983 1117 1076 1160 μηδὲ
1104 1118 1282 1160 κόλλησιν
1309 1117 1402 1151 ἀλλὰ
1436 1117 1606 1160 ταραχὴν

186 1181 246 1214 καὶ
274 1180 397 1223 μάχην
423 1182 504 1215 κατ’
533 1181 672 1221 αὐτοὺς
699 1181 770 1223 τὴν
797 1182 1006 1223 λεγομένην
1033 1183 1200 1223 γένεσιν·
1244 1181 1275 1216 εἰ
1302 1183 1343 1216 δὲ
1372 1182 1509 1224 ἀκαρὲς
1535 1184 1605 1216 νῦν

127 1254 159 1280 15
186 1245 253 1285 μὲν
280 1244 411 1279 ἀπίασι
438 1245 498 1279 διὰ
524 1246 594 1287 τὴν
622 1245 874 1288 ἀντίκρουσιν,
911 1250 980 1280 νῦν
1009 1247 1048 1280 δὲ
1074 1246 1252 1289 προσίασι
1279 1248 1346 1288 τῆς
1373 1248 1521 1288 πληγῆς
1547 1247 1606 1280 ἐκ·

184 1309 370 1352 λυθείσης,
402 1310 543 1345 πλείον’
571 1311 593 1352 ἢ
622 1311 820 1345 διπλάσιον
840 1311 952 1354 χωρίς
979 1311 1071 1345 εἰσιν
1095 1311 1268 1354 ἀλλήλων
1288 1311 1426 1354 χρόνον
1445 1311 1490 1345 οὐ
1509 1311 1606 1353 ψαύ-

185 1382 296 1408 ουσαι
322 1375 382 1408 καὶ
411 1375 696 1417 πλησιάζουσαι,
732 1377 824 1416 ὡςτε
853 1377 969 1418 μηδὲν
998 1377 1033 1410 ἐξ
1061 1376 1189 1410 αὐτῶν
1218 1377 1484 1410 ἀποτελεῖσθαι
1511 1376 1605 1418 μηδὲ

185 1439 351 1481 ἄψυχον·
380 1439 550 1483 αἴσθησις
579 1441 618 1474 δέ
646 1442 706 1474 καὶ
733 1442 835 1483 ψυχὴ
863 1442 924 1474 καὶ
951 1444 1039 1481 νοῦς
1067 1442 1126 1474 καὶ
1152 1441 1338 1483 φρόνησις
1365 1440 1454 1474 οὐδὲ
1474 1442 1605 1482 βουλο-

185 1504 311 1546 μένοις
344 1504 513 1539 ἐπίνοιαν
550 1505 680 1539 δίδωσι
713 1508 795 1546 πῶς
821 1506 958 1546 γένοιτ’
988 1506 1033 1539 ἂν
1061 1506 1101 1540 ἐν
1129 1508 1227 1548 κενῷ
1255 1506 1314 1539 καὶ
1341 1505 1511 1546 ἀτόμοις·
1551 1505 1606 1539 ῶν

127 1579 162 1604 20
186 1569 276 1603 οὔτε
303 1570 384 1602 καθ’
413 1569 529 1603 ἑαυτὰ
555 1571 714 1612 ποιότης
742 1571 844 1604 ἐστὶν
872 1572 960 1604 οὐτε
988 1570 1109 1611 πάθος
1139 1571 1162 1611 ἢ
1192 1572 1380 1613 μεταβολὴ
1409 1571 1611 1604 συνελθόν-

186 1643 276 1676 των,
304 1634 383 1668 ἀλλ’
404 1635 492 1668 οὐδὲ
515 1635 737 1687 συνέλευσις
755 1636 779 1677 ἡ
800 1635 1004 1677 σύγκρασιν
1029 1638 1193 1669 ποιοῦσα
1220 1637 1281 1669 καί
1308 1636 1401 1676 μῖξιν
1430 1637 1490 1669 καὶ
1518 1644 1608 1677 συμ-

186 1698 304 1740 φυΐαν
331 1698 423 1732 ἀλλὰ
451 1699 597 1740 πληγὰς
624 1700 683 1732 καὶ
711 1699 981 1742 ἀποπηδήσεις.

185 1762 274 1795 ibid.
303 1763 324 1796 9
351 1773 385 1806 p.
409 1763 516 1795 lllle
559 1764 582 1806 ἡ
617 1764 657 1798 δὲ
690 1765 831 1804 ἄτομος
865 1764 960 1805 αὐτή
996 1775 1037 1797 τε
1070 1765 1151 1798 καθ’
1184 1764 1324 1806 ἑαυτὴν
1357 1764 1495 1806 ἔρημός
1530 1764 1609 1798 ἐστι

187 1827 248 1860 καὶ
265 1827 388 1870 γυμνὴ
415 1828 540 1870 πάσης
559 1828 718 1869 γονίμου
749 1829 956 1870 δυνάμεως,
985 1830 1044 1862 καὶ
1072 1829 1166 1871 πρὸς
1190 1829 1308 1871 ἄλλην
1333 1831 1608 1872 προσπεσοῦσα

128 1904 160 1929 ‘25
187 1892 354 1935 βρασμὸν
386 1892 462 1926 ὑπὸ
497 1893 757 1936 σκληρότητος
790 1894 850 1927 καὶ
883 1892 1114 1934 ἀντιτυπίας,
1155 1894 1244 1927 ἄλλο
1273 1894 1314 1928 δὲ
1349 1893 1461 1927 οὐδὲν
1495 1894 1604 1935 ἔσχεν

185 1957 267 1991 οὐδ’
296 1956 452 2000 ἐποίησε
479 1957 610 1999 πάθος,
652 1958 744 1992 ἀλλὰ
772 1957 947 1992 παίονται
982 1959 1041 1992 καὶ
1068 1957 1222 1992 παίουσι
1249 1959 1318 1992 τὸν
1346 1959 1498 1993 ἅπαντα
1523 1960 1609 2002 χρό-

186 2032 266 2064 νον,
307 2008 508 2064 ούχδπως
534 2024 633 2066 Ζῷον
661 2023 683 2065 ἢ
712 2024 838 2064 ψυχὴν
866 2023 888 2063 ἢ
920 2024 1035 2064 φύσιν
1064 2024 1140 2057 ἀλλ’
1172 2024 1262 2057 οὐδὲ
1288 2025 1433 2065 πλῆθος
1459 2024 1496 2058 ἐξ
1524 2025 1608 2058 ἑαυ-

185 2088 265 2120 τῶν
290 2086 418 2121 κοινὸν
445 2087 534 2121 οὐδὲ
562 2088 689 2131 σωρὸν
718 2088 786 2121 ἕνα
816 2088 1066 2129 παλλομένων
1095 2087 1152 2122 ἀεὶ
1179 2088 1239 2121 καὶ
1267 2088 1518 2130 διισταμένων
1546 2089 1608 2123 δυ-

186 2151 343 2192 νάμεναι
373 2155 591 2194 παρασχεῖν.

91 2232 161 2266 287
307 2231 550 2266 LAGTANTIVS
584 2234 694 2265 diuin.
723 2234 834 2266 instit.
864 2241 908 2266 111
939 2233 993 2271 17,
1023 2234 1067 2265 22
1111 2233 1192 2265 ‘cur
1218 2233 1327 2273 igitur
1350 2233 1415 2265 illa
1440 2231 1608 2276 (semina)

128 2305 160 2329 31
185 2307 258 2329 non
300 2297 471 2329 sentimus
513 2303 571 2329 aut
611 2298 809 2330 cernimus?
863 2298 964 2340 quia
1001 2309 1079 2330 nee
1120 2298 1312 2330 colorem
1349 2298 1516 2330 habent
1556 2299 1608 2330 in-

187 2361 264 2404 quit
289 2372 365 2393 nec
401 2361 591 2394 calorem
626 2363 763 2394 ullum
801 2373 877 2394 nec
913 2363 1106 2395 odorem.
1157 2363 1330 2405 saporis
1365 2372 1539 2405 quoque
1567 2368 1608 2394 et

186 2426 348 2458 umoris
380 2427 578 2469 expertia
606 2432 721 2464 sunt,
764 2432 805 2459 et
838 2432 918 2458 tam
954 2427 1119 2458 minuta
1146 2431 1188 2458 ut
1215 2427 1358 2458 secari
1386 2437 1432 2458 ac
1459 2426 1608 2460 diuidi

312 2559 354 2591 14
379 2558 462 2592 καθ’
490 2559 631 2598 αὐτοὺς
655 2559 753 2591 libri:
783 2569 872 2591 corr.
901 2558 1077 2590 Reiskius
1113 2558 1118 2601 Ι
1154 2557 1190 2592 οἱ
1216 2558 1255 2592 δὲ
1282 2558 1383 2591 libri:
1412 2569 1500 2592 corr.
1527 2558 1606 2600 Xy-

184 2615 310 2648 lander
356 2617 361 2658 Ι
414 2616 455 2649 16
481 2618 610 2651 πλεῖον
635 2617 721 2649 libri
775 2615 779 2661 Ι
838 2618 880 2650 19
909 2616 1062 2650 δίδωσιν
1089 2617 1140 2658 ὡς
1166 2617 1251 2649 libri
1305 2616 1321 2662 Η
1375 2617 1421 2651 30
1447 2617 1491 2649 cs.
1518 2627 1596 2649 cum

185 2674 255 2706 hoc
284 2674 366 2707 loco
401 2685 490 2718 quae
523 2676 590 2707 sub
622 2676 797 2718 Leucippi
832 2676 974 2708 nomine
1014 2675 1196 2708 simillima
1235 2676 1358 2719 paullo
1395 2674 1605 2719 explicatius

189 2733 395 2767 Lactantius
423 2733 466 2766 de
493 2734 544 2766 ira
570 2734 628 2766 dei
658 2735 713 2774 10,
732 2735 752 2768 3
769 2745 844 2778 sqq.
873 2736 977 2767 refert
1005 2742 1038 2767 et
1065 2735 1238 2779 inpugnat
