<?xml version="1.0" encoding="UTF-8"?>
<!DOCTYPE html PUBLIC "-//W3C//DTD XHTML 1.0 Transitional//EN"
    "http://www.w3.org/TR/xhtml1/DTD/xhtml1-transitional.dtd">
<html xmlns="http://www.w3.org/1999/xhtml" xml:lang="en" lang="en">
 <head>
  <title>
</title>
<meta http-equiv="Content-Type" content="text/html;charset=utf-8" />
  <meta name='ocr-system' content='tesseract 3.04.00' />
  <meta name='ocr-capabilities' content='ocr_page ocr_carea ocr_par ocr_line ocrx_word'/>
</head>
<body>
  <div class='ocr_page' id='page_1' title='image "./epicvreaedidithe00epicuoft/epicvreaedidithe00epicuoft_0382.png"; bbox 0 0 1842 3250; ppageno 0'>
   <div class='ocr_carea' id='block_1_1' title="bbox 154 563 223 597">
    <p class='ocr_par' dir='ltr' id='par_1_1' title="bbox 154 563 223 597">
     <span class='ocr_line' id='line_1_1' title="bbox 154 563 223 597; baseline -0.014 0"><span class='ocrx_word' id='word_1_1' title='bbox 154 563 223 597; x_wconf 80' lang='lat'>460</span> 
     </span>
    </p>
   </div>
   <div class='ocr_carea' id='block_1_2' title="bbox 156 1476 224 1508">
    <p class='ocr_par' dir='ltr' id='par_1_2' title="bbox 156 1476 224 1508">
     <span class='ocr_line' id='line_1_2' title="bbox 156 1476 224 1508; baseline -0.029 0"><span class='ocrx_word' id='word_1_2' title='bbox 156 1476 224 1508; x_wconf 81' lang='lat'>461</span> 
     </span>
    </p>
   </div>
   <div class='ocr_carea' id='block_1_3' title="bbox 157 2069 227 2103">
    <p class='ocr_par' dir='ltr' id='par_1_3' title="bbox 157 2069 227 2103">
     <span class='ocr_line' id='line_1_3' title="bbox 157 2069 227 2103; baseline -0.014 0"><span class='ocrx_word' id='word_1_3' title='bbox 157 2069 227 2103; x_wconf 83' lang='lat'>462</span> 
     </span>
    </p>
   </div>
   <div class='ocr_carea' id='block_1_4' title="bbox 158 2275 228 2309">
    <p class='ocr_par' dir='ltr' id='par_1_4' title="bbox 158 2275 228 2309">
     <span class='ocr_line' id='line_1_4' title="bbox 158 2275 228 2309; baseline -0.014 0"><span class='ocrx_word' id='word_1_4' title='bbox 158 2275 228 2309; x_wconf 81' lang='lat'>463</span> 
     </span>
    </p>
   </div>
   <div class='ocr_carea' id='block_1_5' title="bbox 246 240 1158 276">
    <p class='ocr_par' dir='ltr' id='par_1_5' title="bbox 246 240 1158 276">
     <span class='ocr_line' id='line_1_5' title="bbox 246 240 1158 276; baseline -0.005 0"><span class='ocrx_word' id='word_1_5' title='bbox 246 242 316 276; x_wconf 78' lang='lat'>298</span> <span class='ocrx_word' id='word_1_6' title='bbox 742 240 947 273; x_wconf 84' lang='lat' dir='ltr'><strong>EPICVRI</strong></span> <span class='ocrx_word' id='word_1_7' title='bbox 971 240 1158 272; x_wconf 85' lang='lat' dir='ltr'>ETHICA</span> 
     </span>
    </p>
   </div>
   <div class='ocr_carea' id='block_1_6' title="bbox 247 355 1720 1432">
    <p class='ocr_par' dir='ltr' id='par_1_6' title="bbox 247 355 1657 529">
     <span class='ocr_line' id='line_1_6' title="bbox 247 355 1657 401; baseline -0.001 -10"><span class='ocrx_word' id='word_1_8' title='bbox 247 357 299 398; x_wconf 85' lang='grc' dir='ltr'>ὡς</span> <span class='ocrx_word' id='word_1_9' title='bbox 327 357 398 401; x_wconf 86' lang='grc' dir='ltr'>χρὴ</span> <span class='ocrx_word' id='word_1_10' title='bbox 424 356 522 391; x_wconf 77' lang='grc' dir='ltr'>καθά</span> <span class='ocrx_word' id='word_1_11' title='bbox 550 367 622 400; x_wconf 88' lang='grc' dir='ltr'>περ</span> <span class='ocrx_word' id='word_1_12' title='bbox 651 356 723 397; x_wconf 85' lang='grc' dir='ltr'>τὴν</span> <span class='ocrx_word' id='word_1_13' title='bbox 756 356 890 398; x_wconf 82' lang='grc' dir='ltr'>εὐτελῆ</span> <span class='ocrx_word' id='word_1_14' title='bbox 924 356 992 396; x_wconf 88' lang='grc' dir='ltr'>τῆς</span> <span class='ocrx_word' id='word_1_15' title='bbox 1027 356 1258 396; x_wconf 82' lang='grc' dir='ltr'>πολυτελοῦς</span> <span class='ocrx_word' id='word_1_16' title='bbox 1288 355 1438 399; x_wconf 82' lang='grc' dir='ltr'>τροφὴν</span> <span class='ocrx_word' id='word_1_17' title='bbox 1470 356 1657 398; x_wconf 80' lang='grc' dir='ltr'>προτιμᾶν</span> 
     </span>
     <span class='ocr_line' id='line_1_7' title="bbox 247 418 1657 464; baseline -0.001 -9"><span class='ocrx_word' id='word_1_18' title='bbox 247 422 308 456; x_wconf 76' lang='grc' dir='ltr'>καὶ</span> <span class='ocrx_word' id='word_1_19' title='bbox 338 421 410 463; x_wconf 72' lang='grc' dir='ltr'>τὴν</span> <span class='ocrx_word' id='word_1_20' title='bbox 443 421 669 464; x_wconf 82' lang='grc' dir='ltr'>εὐπόριστον</span> <span class='ocrx_word' id='word_1_21' title='bbox 701 423 769 463; x_wconf 83' lang='grc' dir='ltr'>τῆς</span> <span class='ocrx_word' id='word_1_22' title='bbox 803 418 1073 462; x_wconf 76' lang='grc' dir='ltr'>δυσπορίστου,</span> <span class='ocrx_word' id='word_1_23' title='bbox 1115 419 1219 454; x_wconf 79' lang='grc' dir='ltr'>οὕτω</span> <span class='ocrx_word' id='word_1_24' title='bbox 1254 420 1315 454; x_wconf 82' lang='grc' dir='ltr'>καὶ</span> <span class='ocrx_word' id='word_1_25' title='bbox 1351 419 1422 461; x_wconf 84' lang='grc' dir='ltr'>τὴν</span> <span class='ocrx_word' id='word_1_26' title='bbox 1457 419 1657 462; x_wconf 85' lang='grc' dir='ltr'>σύμφυλον</span> 
     </span>
     <span class='ocr_line' id='line_1_8' title="bbox 248 484 870 529; baseline -0.003 -9"><span class='ocrx_word' id='word_1_27' title='bbox 248 485 438 529; x_wconf 80' lang='grc' dir='ltr'>ἀνθρώπῳ</span> <span class='ocrx_word' id='word_1_28' title='bbox 465 488 533 527; x_wconf 78' lang='grc' dir='ltr'>τῆς</span> <span class='ocrx_word' id='word_1_29' title='bbox 560 484 655 529; x_wconf 57' lang='grc' dir='ltr'>(μὴ)</span> <span class='ocrx_word' id='word_1_30' title='bbox 682 485 870 528; x_wconf 84' lang='grc' dir='ltr'>τοιαύτης.</span> 
     </span>
    </p>

    <p class='ocr_par' dir='ltr' id='par_1_7' title="bbox 248 558 1720 1432">
     <span class='ocr_line' id='line_1_9' title="bbox 367 558 1659 601; baseline -0.003 -6"><span class='ocrx_word' id='word_1_31' title='bbox 367 560 515 595; x_wconf 72' lang='lat' dir='ltr'>SENECA</span> <span class='ocrx_word' id='word_1_32' title='bbox 547 561 629 594; x_wconf 84' lang='lat' dir='ltr'>dial.</span> <span class='ocrx_word' id='word_1_33' title='bbox 656 568 713 594; x_wconf 75' lang='grc' dir='ltr'>ΠΙ</span> <span class='ocrx_word' id='word_1_34' title='bbox 740 562 783 593; x_wconf 85' lang='lat' dir='ltr'>ad</span> <span class='ocrx_word' id='word_1_35' title='bbox 810 561 1015 594; x_wconf 82' lang='lat' dir='ltr'>Gallionem</span> <span class='ocrx_word' id='word_1_36' title='bbox 1048 560 1092 593; x_wconf 88' lang='lat' dir='ltr'>de</span> <span class='ocrx_word' id='word_1_37' title='bbox 1125 561 1196 592; x_wconf 83' lang='lat' dir='ltr'>uita</span> <span class='ocrx_word' id='word_1_38' title='bbox 1222 560 1326 592; x_wconf 66' lang='lat' dir='ltr'>beata</span> <span class='ocrx_word' id='word_1_39' title='bbox 1351 570 1379 593; x_wconf 86' lang='lat' dir='ltr'>c.</span> <span class='ocrx_word' id='word_1_40' title='bbox 1402 558 1458 601; x_wconf 81' lang='lat'>18,</span> <span class='ocrx_word' id='word_1_41' title='bbox 1483 560 1498 592; x_wconf 85' lang='lat'>1</span> <span class='ocrx_word' id='word_1_42' title='bbox 1538 559 1592 591; x_wconf 84' lang='lat' dir='ltr'>‘in</span> <span class='ocrx_word' id='word_1_43' title='bbox 1617 569 1659 591; x_wconf 83' lang='lat' dir='ltr'>ea</span> 
     </span>
     <span class='ocr_line' id='line_1_10' title="bbox 248 623 1699 673; baseline -0.003 -14"><span class='ocrx_word' id='word_1_44' title='bbox 248 626 390 669; x_wconf 83' lang='lat' dir='ltr'>quidem</span> <span class='ocrx_word' id='word_1_45' title='bbox 422 626 500 668; x_wconf 86' lang='lat' dir='ltr'>ipsa</span> <span class='ocrx_word' id='word_1_46' title='bbox 532 625 708 658; x_wconf 78' lang='lat' dir='ltr'>sententia</span> <span class='ocrx_word' id='word_1_47' title='bbox 743 635 818 657; x_wconf 77' lang='lat' dir='ltr'>sum</span> <span class='ocrx_word' id='word_1_48' title='bbox 846 642 889 649; x_wconf 91' lang='lat'>-·</span> <span class='ocrx_word' id='word_1_49' title='bbox 917 625 1041 673; x_wconf 80' lang='lat' dir='ltr'>inuitis</span> <span class='ocrx_word' id='word_1_50' title='bbox 1075 624 1143 656; x_wconf 86' lang='lat' dir='ltr'>hoc</span> <span class='ocrx_word' id='word_1_51' title='bbox 1176 624 1308 656; x_wconf 83' lang='lat' dir='ltr'>nostris</span> <span class='ocrx_word' id='word_1_52' title='bbox 1342 623 1578 666; x_wconf 82' lang='lat' dir='ltr'>popularibus</span> <span class='ocrx_word' id='word_1_53' title='bbox 1610 623 1659 655; x_wconf 84' lang='lat' dir='ltr'>di·</span> <span class='ocrx_word' id='word_1_54' title='bbox 1684 632 1699 658; x_wconf 80' lang='grc'>5</span> 
     </span>
     <span class='ocr_line' id='line_1_11' title="bbox 249 689 1659 732; baseline -0.001 -10"><span class='ocrx_word' id='word_1_55' title='bbox 249 701 324 723; x_wconf 83' lang='lat' dir='ltr'>cam</span> <span class='ocrx_word' id='word_1_56' title='bbox 353 707 416 729; x_wconf 88' lang='lat'>—-‚</span> <span class='ocrx_word' id='word_1_57' title='bbox 455 695 576 722; x_wconf 81' lang='lat' dir='ltr'><strong>sancta</strong></span> <span class='ocrx_word' id='word_1_58' title='bbox 602 690 795 732; x_wconf 82' lang='lat' dir='ltr'>Epicurum</span> <span class='ocrx_word' id='word_1_59' title='bbox 821 695 856 722; x_wconf 80' lang='lat' dir='ltr'>et</span> <span class='ocrx_word' id='word_1_60' title='bbox 880 695 977 721; x_wconf 76' lang='lat' dir='ltr'>recta</span> <span class='ocrx_word' id='word_1_61' title='bbox 1001 690 1205 732; x_wconf 80' lang='lat' dir='ltr'>praecipere</span> <span class='ocrx_word' id='word_1_62' title='bbox 1232 693 1277 727; x_wconf 87' lang='lat' dir='ltr'>et,</span> <span class='ocrx_word' id='word_1_63' title='bbox 1312 689 1342 720; x_wconf 85' lang='lat' dir='ltr'>si</span> <span class='ocrx_word' id='word_1_64' title='bbox 1369 689 1515 731; x_wconf 84' lang='lat' dir='ltr'>propius</span> <span class='ocrx_word' id='word_1_65' title='bbox 1542 698 1659 721; x_wconf 82' lang='lat' dir='ltr'>acces-</span> 
     </span>
     <span class='ocr_line' id='line_1_12' title="bbox 249 753 1661 797; baseline -0.002 -10"><span class='ocrx_word' id='word_1_66' title='bbox 249 755 350 793; x_wconf 84' lang='lat' dir='ltr'>seris,</span> <span class='ocrx_word' id='word_1_67' title='bbox 383 755 513 787; x_wconf 78' lang='lat' dir='ltr'>tristia:</span> <span class='ocrx_word' id='word_1_68' title='bbox 555 754 721 797; x_wconf 81' lang='lat' dir='ltr'>uoluptas</span> <span class='ocrx_word' id='word_1_69' title='bbox 753 754 846 786; x_wconf 84' lang='lat' dir='ltr'>enim</span> <span class='ocrx_word' id='word_1_70' title='bbox 870 753 936 785; x_wconf 87' lang='lat' dir='ltr'>illa</span> <span class='ocrx_word' id='word_1_71' title='bbox 963 754 1006 786; x_wconf 78' lang='lat' dir='ltr'>ad</span> <span class='ocrx_word' id='word_1_72' title='bbox 1035 763 1182 797; x_wconf 74' lang='lat' dir='ltr'>paruum</span> <span class='ocrx_word' id='word_1_73' title='bbox 1210 759 1244 784; x_wconf 85' lang='lat' dir='ltr'>et</span> <span class='ocrx_word' id='word_1_74' title='bbox 1272 753 1361 785; x_wconf 76' lang='lat' dir='ltr'>exile</span> <span class='ocrx_word' id='word_1_75' title='bbox 1386 758 1586 789; x_wconf 75' lang='lat' dir='ltr'>reuocatur.</span> <span class='ocrx_word' id='word_1_76' title='bbox 1626 758 1661 785; x_wconf 73' lang='lat' dir='ltr'>et</span> 
     </span>
     <span class='ocr_line' id='line_1_13' title="bbox 249 816 1661 861; baseline 0 -11"><span class='ocrx_word' id='word_1_77' title='bbox 249 828 354 861; x_wconf 82' lang='lat' dir='ltr'>quam</span> <span class='ocrx_word' id='word_1_78' title='bbox 385 829 452 851; x_wconf 85' lang='lat' dir='ltr'>nos</span> <span class='ocrx_word' id='word_1_79' title='bbox 483 819 604 851; x_wconf 70' lang='lat' dir='ltr'>uirtuti</span> <span class='ocrx_word' id='word_1_80' title='bbox 636 819 754 860; x_wconf 86' lang='lat' dir='ltr'>legem</span> <span class='ocrx_word' id='word_1_81' title='bbox 782 816 954 857; x_wconf 57' lang='lat' dir='ltr'>flicimus,</span> <span class='ocrx_word' id='word_1_82' title='bbox 996 828 1072 850; x_wconf 85' lang='lat' dir='ltr'>eam</span> <span class='ocrx_word' id='word_1_83' title='bbox 1105 817 1169 850; x_wconf 87' lang='lat' dir='ltr'>ille</span> <span class='ocrx_word' id='word_1_84' title='bbox 1205 817 1292 849; x_wconf 80' lang='lat' dir='ltr'>dicit</span> <span class='ocrx_word' id='word_1_85' title='bbox 1325 817 1519 860; x_wconf 81' lang='lat' dir='ltr'>uoluptati:</span> <span class='ocrx_word' id='word_1_86' title='bbox 1560 818 1661 850; x_wconf 85' lang='lat' dir='ltr'>iubet</span> 
     </span>
     <span class='ocr_line' id='line_1_14' title="bbox 249 881 1660 926; baseline -0.001 -11"><span class='ocrx_word' id='word_1_87' title='bbox 249 882 349 915; x_wconf 81' lang='lat' dir='ltr'>inam</span> <span class='ocrx_word' id='word_1_88' title='bbox 375 893 498 926; x_wconf 84' lang='lat' dir='ltr'>parere</span> <span class='ocrx_word' id='word_1_89' title='bbox 528 887 684 915; x_wconf 79' lang='lat' dir='ltr'>naturae.</span> <span class='ocrx_word' id='word_1_90' title='bbox 727 892 849 926; x_wconf 83' lang='lat' dir='ltr'>pamm</span> <span class='ocrx_word' id='word_1_91' title='bbox 877 887 930 915; x_wconf 86' lang='lat' dir='ltr'>est</span> <span class='ocrx_word' id='word_1_92' title='bbox 957 888 1072 914; x_wconf 83' lang='lat' dir='ltr'>autem</span> <span class='ocrx_word' id='word_1_93' title='bbox 1098 882 1257 914; x_wconf 78' lang='lat' dir='ltr'><strong>luxuriae</strong></span> <span class='ocrx_word' id='word_1_94' title='bbox 1283 881 1381 925; x_wconf 70' lang='lat' dir='ltr'><strong>qu‘od</strong></span> <span class='ocrx_word' id='word_1_95' title='bbox 1406 887 1552 914; x_wconf 84' lang='lat' dir='ltr'>naturae</span> <span class='ocrx_word' id='word_1_96' title='bbox 1577 882 1660 914; x_wconf 74' lang='lat' dir='ltr'>satis</span> 
     </span>
     <span class='ocr_line' id='line_1_15' title="bbox 250 946 1720 990; baseline -0.001 -11"><span class='ocrx_word' id='word_1_97' title='bbox 250 952 329 986; x_wconf 40' lang='lat' dir='ltr'>esth*</span> <span class='ocrx_word' id='word_1_98' title='bbox 328 973 450 981; x_wconf 88' lang='grc'><strong>.....</strong></span> <span class='ocrx_word' id='word_1_99' title='bbox 478 948 596 990; x_wconf 76' lang='lat' dir='ltr'>itaque</span> <span class='ocrx_word' id='word_1_100' title='bbox 623 957 695 979; x_wconf 86' lang='lat' dir='ltr'>non</span> <span class='ocrx_word' id='word_1_101' title='bbox 720 947 835 979; x_wconf 82' lang='lat' dir='ltr'>dicam</span> <span class='ocrx_word' id='word_1_102' title='bbox 863 947 958 989; x_wconf 88' lang='lat' dir='ltr'>quod</span> <span class='ocrx_word' id='word_1_103' title='bbox 985 946 1146 989; x_wconf 80' lang='lat' dir='ltr'><strong>plerique</strong></span> <span class='ocrx_word' id='word_1_104' title='bbox 1173 951 1385 988; x_wconf 82' lang='lat' dir='ltr'>nostrorum,</span> <span class='ocrx_word' id='word_1_105' title='bbox 1424 952 1555 979; x_wconf 83' lang='lat' dir='ltr'>sectam</span> <span class='ocrx_word' id='word_1_106' title='bbox 1580 946 1661 988; x_wconf 84' lang='lat' dir='ltr'>Epi·</span> <span class='ocrx_word' id='word_1_107' title='bbox 1687 953 1720 978; x_wconf 77' lang='grc' dir='ltr'>ιο</span> 
     </span>
     <span class='ocr_line' id='line_1_16' title="bbox 250 1010 1662 1053; baseline -0.001 -8"><span class='ocrx_word' id='word_1_108' title='bbox 250 1012 325 1045; x_wconf 83' lang='lat' dir='ltr'>curi</span> <span class='ocrx_word' id='word_1_109' title='bbox 355 1011 569 1053; x_wconf 79' lang='lat' dir='ltr'>flagitiorum</span> <span class='ocrx_word' id='word_1_110' title='bbox 595 1012 788 1045; x_wconf 77' lang='lat' dir='ltr'><strong>ministram</strong></span> <span class='ocrx_word' id='word_1_111' title='bbox 817 1022 909 1051; x_wconf 86' lang='lat' dir='ltr'>esse,</span> <span class='ocrx_word' id='word_1_112' title='bbox 937 1011 1001 1044; x_wconf 86' lang='lat' dir='ltr'>sed</span> <span class='ocrx_word' id='word_1_113' title='bbox 1027 1011 1118 1044; x_wconf 87' lang='lat' dir='ltr'>illud</span> <span class='ocrx_word' id='word_1_114' title='bbox 1144 1011 1240 1044; x_wconf 82' lang='lat' dir='ltr'>dico:</span> <span class='ocrx_word' id='word_1_115' title='bbox 1268 1011 1359 1044; x_wconf 86' lang='lat' dir='ltr'>male</span> <span class='ocrx_word' id='word_1_116' title='bbox 1386 1010 1496 1048; x_wconf 81' lang='lat' dir='ltr'>audit,</span> <span class='ocrx_word' id='word_1_117' title='bbox 1522 1010 1662 1044; x_wconf 84' lang='lat' dir='ltr'>infamis</span> 
     </span>
     <span class='ocr_line' id='line_1_17' title="bbox 251 1076 595 1116; baseline -0.003 -7"><span class='ocrx_word' id='word_1_118' title='bbox 251 1081 316 1116; x_wconf 84' lang='lat' dir='ltr'>est,</span> <span class='ocrx_word' id='word_1_119' title='bbox 344 1083 378 1109; x_wconf 85' lang='lat' dir='ltr'>et</span> <span class='ocrx_word' id='word_1_120' title='bbox 403 1076 595 1109; x_wconf 79' lang='lat' dir='ltr'>inmerito&#39;.</span> 
     </span>
     <span class='ocr_line' id='line_1_18' title="bbox 251 1139 1663 1178; baseline -0.002 -4"><span class='ocrx_word' id='word_1_121' title='bbox 251 1141 295 1174; x_wconf 82' lang='lat' dir='ltr'>cf.</span> <span class='ocrx_word' id='word_1_122' title='bbox 322 1141 417 1173; x_wconf 85' lang='lat' dir='ltr'>idem</span> <span class='ocrx_word' id='word_1_123' title='bbox 445 1141 530 1174; x_wconf 89' lang='lat' dir='ltr'>ibid.</span> <span class='ocrx_word' id='word_1_124' title='bbox 561 1140 616 1178; x_wconf 84' lang='lat'>12,</span> <span class='ocrx_word' id='word_1_125' title='bbox 637 1141 658 1174; x_wconf 85' lang='lat'>4</span> <span class='ocrx_word' id='word_1_126' title='bbox 701 1140 815 1173; x_wconf 75' lang='lat' dir='ltr'>‘uitiis</span> <span class='ocrx_word' id='word_1_127' title='bbox 849 1140 962 1172; x_wconf 81' lang='lat' dir='ltr'>dediti</span> <span class='ocrx_word' id='word_1_128' title='bbox 989 1163 997 1171; x_wconf 92' lang='lat'>.</span> <span class='ocrx_word' id='word_1_129' title='bbox 1019 1165 1026 1172; x_wconf 92' lang='lat'><strong>.</strong></span> <span class='ocrx_word' id='word_1_130' title='bbox 1047 1165 1054 1172; x_wconf 93' lang='lat'><strong>.</strong></span> <span class='ocrx_word' id='word_1_131' title='bbox 1075 1166 1082 1173; x_wconf 93' lang='lat'><strong><em>.</em></strong></span> <span class='ocrx_word' id='word_1_132' title='bbox 1112 1150 1153 1172; x_wconf 87' lang='lat' dir='ltr'>eo</span> <span class='ocrx_word' id='word_1_133' title='bbox 1183 1145 1395 1173; x_wconf 81' lang='lat' dir='ltr'><strong>concurrunt</strong></span> <span class='ocrx_word' id='word_1_134' title='bbox 1428 1140 1489 1172; x_wconf 91' lang='lat' dir='ltr'>ubi</span> <span class='ocrx_word' id='word_1_135' title='bbox 1520 1139 1663 1172; x_wconf 76' lang='lat' dir='ltr'>audiant</span> 
     </span>
     <span class='ocr_line' id='line_1_19' title="bbox 251 1205 1662 1249; baseline -0.001 -11"><span class='ocrx_word' id='word_1_136' title='bbox 251 1205 389 1238; x_wconf 82' lang='lat' dir='ltr'>laudari</span> <span class='ocrx_word' id='word_1_137' title='bbox 408 1206 643 1249; x_wconf 63' lang='lat' dir='ltr'>uoluptaterm</span> <span class='ocrx_word' id='word_1_138' title='bbox 672 1215 738 1238; x_wconf 85' lang='lat' dir='ltr'>nec</span> <span class='ocrx_word' id='word_1_139' title='bbox 758 1205 952 1244; x_wconf 78' lang='lat' dir='ltr'>aestimant,</span> <span class='ocrx_word' id='word_1_140' title='bbox 979 1205 1146 1247; x_wconf 73' lang='lat' dir='ltr'>uoluptas</span> <span class='ocrx_word' id='word_1_141' title='bbox 1170 1205 1234 1237; x_wconf 79' lang='lat' dir='ltr'>illa</span> <span class='ocrx_word' id='word_1_142' title='bbox 1251 1205 1397 1248; x_wconf 86' lang='lat' dir='ltr'>Epicuri</span> <span class='ocrx_word' id='word_1_143' title='bbox 1425 1223 1467 1228; x_wconf 90' lang='lat'>—</span> <span class='ocrx_word' id='word_1_144' title='bbox 1496 1206 1544 1237; x_wconf 77' lang='lat' dir='ltr'>ita</span> <span class='ocrx_word' id='word_1_145' title='bbox 1570 1205 1662 1237; x_wconf 86' lang='lat' dir='ltr'>enim</span> 
     </span>
     <span class='ocr_line' id='line_1_20' title="bbox 251 1270 1720 1313; baseline -0.001 -10"><span class='ocrx_word' id='word_1_146' title='bbox 251 1271 469 1303; x_wconf 82' lang='lat' dir='ltr'>mehercules</span> <span class='ocrx_word' id='word_1_147' title='bbox 492 1270 607 1302; x_wconf 75' lang='lat' dir='ltr'>sentio</span> <span class='ocrx_word' id='word_1_148' title='bbox 633 1288 678 1295; x_wconf 91' lang='lat'>--</span> <span class='ocrx_word' id='word_1_149' title='bbox 706 1281 811 1313; x_wconf 82' lang='lat' dir='ltr'><strong>quam</strong></span> <span class='ocrx_word' id='word_1_150' title='bbox 837 1270 956 1302; x_wconf 80' lang='lat' dir='ltr'>sobria</span> <span class='ocrx_word' id='word_1_151' title='bbox 983 1280 1020 1301; x_wconf 90' lang='lat' dir='ltr'>ae</span> <span class='ocrx_word' id='word_1_152' title='bbox 1046 1270 1139 1301; x_wconf 80' lang='lat' dir='ltr'>sicca</span> <span class='ocrx_word' id='word_1_153' title='bbox 1166 1270 1221 1311; x_wconf 82' lang='lat' dir='ltr'>sit,</span> <span class='ocrx_word' id='word_1_154' title='bbox 1248 1270 1309 1302; x_wconf 78' lang='lat' dir='ltr'>sed</span> <span class='ocrx_word' id='word_1_155' title='bbox 1335 1270 1377 1301; x_wconf 83' lang='lat' dir='ltr'>ad</span> <span class='ocrx_word' id='word_1_156' title='bbox 1402 1280 1530 1302; x_wconf 86' lang='lat' dir='ltr'>nomen</span> <span class='ocrx_word' id='word_1_157' title='bbox 1548 1271 1663 1312; x_wconf 84' lang='lat' dir='ltr'>ipsum</span> <span class='ocrx_word' id='word_1_158' title='bbox 1689 1276 1720 1302; x_wconf 76' lang='lat'>15</span> 
     </span>
     <span class='ocr_line' id='line_1_21' title="bbox 254 1334 1664 1378; baseline -0.001 -12"><span class='ocrx_word' id='word_1_159' title='bbox 254 1335 424 1367; x_wconf 81' lang='lat' dir='ltr'>aduolant</span> <span class='ocrx_word' id='word_1_160' title='bbox 456 1340 665 1378; x_wconf 74' lang='lat' dir='ltr'>quaerentes</span> <span class='ocrx_word' id='word_1_161' title='bbox 697 1334 910 1367; x_wconf 81' lang='lat' dir='ltr'>libidinibus</span> <span class='ocrx_word' id='word_1_162' title='bbox 945 1334 1016 1366; x_wconf 83' lang='lat' dir='ltr'>suis</span> <span class='ocrx_word' id='word_1_163' title='bbox 1051 1334 1284 1376; x_wconf 80' lang='lat' dir='ltr'>patrocinium</span> <span class='ocrx_word' id='word_1_164' title='bbox 1317 1334 1463 1377; x_wconf 88' lang='lat' dir='ltr'>aliquod</span> <span class='ocrx_word' id='word_1_165' title='bbox 1497 1344 1537 1366; x_wconf 85' lang='lat' dir='ltr'>ac</span> <span class='ocrx_word' id='word_1_166' title='bbox 1569 1334 1664 1366; x_wconf 86' lang='lat' dir='ltr'>uela-</span> 
     </span>
     <span class='ocr_line' id='line_1_22' title="bbox 253 1399 434 1432; baseline 0 0"><span class='ocrx_word' id='word_1_167' title='bbox 253 1399 434 1432; x_wconf 86' lang='lat' dir='ltr'>mentum’.</span> 
     </span>
    </p>
   </div>
   <div class='ocr_carea' id='block_1_7' title="bbox 251 1473 1724 2035">
    <p class='ocr_par' dir='ltr' id='par_1_8' title="bbox 251 1473 1724 2035">
     <span class='ocr_line' id='line_1_23' title="bbox 374 1473 1664 1519; baseline 0 -11"><span class='ocrx_word' id='word_1_168' title='bbox 374 1473 622 1508; x_wconf 77' lang='lat' dir='ltr'>PORPquvs</span> <span class='ocrx_word' id='word_1_169' title='bbox 650 1475 695 1506; x_wconf 88' lang='lat' dir='ltr'>de</span> <span class='ocrx_word' id='word_1_170' title='bbox 714 1475 840 1508; x_wconf 75' lang='lat' dir='ltr'>abstin.</span> <span class='ocrx_word' id='word_1_171' title='bbox 861 1482 873 1508; x_wconf 93' lang='lat'><strong>1</strong></span> <span class='ocrx_word' id='word_1_172' title='bbox 893 1475 939 1508; x_wconf 88' lang='grc'>50</span> <span class='ocrx_word' id='word_1_173' title='bbox 955 1486 1008 1518; x_wconf 84' lang='lat' dir='ltr'>sq.</span> <span class='ocrx_word' id='word_1_174' title='bbox 1034 1474 1105 1508; x_wconf 85' lang='grc' dir='ltr'>σὺν</span> <span class='ocrx_word' id='word_1_175' title='bbox 1131 1473 1341 1519; x_wconf 78' lang='grc' dir='ltr'>φιλοσοφίᾳ</span> <span class='ocrx_word' id='word_1_176' title='bbox 1367 1473 1497 1509; x_wconf 79' lang='grc' dir='ltr'>τοίνυν</span> <span class='ocrx_word' id='word_1_177' title='bbox 1521 1474 1664 1508; x_wconf 84' lang='grc' dir='ltr'>ἁπτέον</span> 
     </span>
     <span class='ocr_line' id='line_1_24' title="bbox 251 1538 1664 1583; baseline 0 -10"><span class='ocrx_word' id='word_1_178' title='bbox 251 1540 414 1583; x_wconf 76' lang='grc' dir='ltr'>τούτων,</span> <span class='ocrx_word' id='word_1_179' title='bbox 443 1540 503 1572; x_wconf 87' lang='grc' dir='ltr'>καὶ</span> <span class='ocrx_word' id='word_1_180' title='bbox 530 1539 641 1580; x_wconf 83' lang='grc' dir='ltr'>εὐθὺς</span> <span class='ocrx_word' id='word_1_181' title='bbox 666 1543 939 1582; x_wconf 82' lang='grc' dir='ltr'>προσπεσεῖται</span> <span class='ocrx_word' id='word_1_182' title='bbox 965 1538 1021 1573; x_wconf 84' lang='grc' dir='ltr'>ὅτι</span> <span class='ocrx_word' id='word_1_183' title='bbox 1046 1540 1177 1583; x_wconf 83' lang='grc' dir='ltr'>πολλῷ</span> <span class='ocrx_word' id='word_1_184' title='bbox 1200 1542 1372 1582; x_wconf 84' lang='grc' dir='ltr'>κρεῖττον</span> <span class='ocrx_word' id='word_1_185' title='bbox 1397 1539 1442 1572; x_wconf 90' lang='grc' dir='ltr'>τὸ</span> <span class='ocrx_word' id='word_1_186' title='bbox 1470 1540 1509 1573; x_wconf 81' lang='grc' dir='ltr'>ἐν</span> <span class='ocrx_word' id='word_1_187' title='bbox 1534 1539 1664 1580; x_wconf 85' lang='grc' dir='ltr'>αὐτοῖς</span> 
     </span>
     <span class='ocr_line' id='line_1_25' title="bbox 252 1603 1721 1647; baseline 0.001 -9"><span class='ocrx_word' id='word_1_188' title='bbox 252 1604 498 1645; x_wconf 78' lang='grc' dir='ltr'>μεταδιώκειν</span> <span class='ocrx_word' id='word_1_189' title='bbox 534 1603 731 1646; x_wconf 77' lang='grc' dir='ltr'>ἐλάχιστόν</span> <span class='ocrx_word' id='word_1_190' title='bbox 762 1614 804 1638; x_wconf 86' lang='grc' dir='ltr'>τε</span> <span class='ocrx_word' id='word_1_191' title='bbox 836 1605 896 1638; x_wconf 79' lang='grc' dir='ltr'>καί</span> <span class='ocrx_word' id='word_1_192' title='bbox 928 1604 1031 1638; x_wconf 90' lang='grc' dir='ltr'>λιτὸν</span> <span class='ocrx_word' id='word_1_193' title='bbox 1063 1605 1123 1638; x_wconf 81' lang='grc' dir='ltr'>καὶ</span> <span class='ocrx_word' id='word_1_194' title='bbox 1155 1606 1320 1647; x_wconf 81' lang='grc' dir='ltr'>κοῦφον·</span> <span class='ocrx_word' id='word_1_195' title='bbox 1364 1604 1560 1646; x_wconf 81' lang='grc' dir='ltr'>ἐλάχιστον</span> <span class='ocrx_word' id='word_1_196' title='bbox 1592 1604 1664 1647; x_wconf 85' lang='grc' dir='ltr'>γὰρ</span> <span class='ocrx_word' id='word_1_197' title='bbox 1688 1615 1721 1639; x_wconf 76' lang='lat'>20</span> 
     </span>
     <span class='ocr_line' id='line_1_26' title="bbox 252 1667 1664 1712; baseline -0.001 -10"><span class='ocrx_word' id='word_1_198' title='bbox 252 1669 312 1702; x_wconf 73' lang='grc' dir='ltr'>καὶ</span> <span class='ocrx_word' id='word_1_199' title='bbox 345 1668 390 1703; x_wconf 85' lang='grc' dir='ltr'>τὸ</span> <span class='ocrx_word' id='word_1_200' title='bbox 426 1667 588 1712; x_wconf 81' lang='grc' dir='ltr'>ὀχληρὸν</span> <span class='ocrx_word' id='word_1_201' title='bbox 625 1669 665 1702; x_wconf 88' lang='grc' dir='ltr'>ἑκ</span> <span class='ocrx_word' id='word_1_202' title='bbox 701 1672 770 1703; x_wconf 85' lang='grc' dir='ltr'>τοῦ</span> <span class='ocrx_word' id='word_1_203' title='bbox 805 1668 1014 1711; x_wconf 79' lang='grc' dir='ltr'>ἐλαχίστου.</span> <span class='ocrx_word' id='word_1_204' title='bbox 1059 1669 1113 1703; x_wconf 82' lang='grc' dir='ltr'>ὧν</span> <span class='ocrx_word' id='word_1_205' title='bbox 1147 1669 1178 1702; x_wconf 82' lang='grc' dir='ltr'>δ’</span> <span class='ocrx_word' id='word_1_206' title='bbox 1207 1669 1252 1702; x_wconf 86' lang='grc' dir='ltr'>ἂν</span> <span class='ocrx_word' id='word_1_207' title='bbox 1286 1669 1614 1711; x_wconf 85' lang='grc' dir='ltr'>συνεφελκύσηται</span> <span class='ocrx_word' id='word_1_208' title='bbox 1641 1669 1664 1709; x_wconf 85' lang='grc' dir='ltr'>ἡ</span> 
     </span>
     <span class='ocr_line' id='line_1_27' title="bbox 252 1733 1666 1776; baseline -0.001 -9"><span class='ocrx_word' id='word_1_209' title='bbox 252 1733 473 1775; x_wconf 82' lang='grc' dir='ltr'>παρασκευὴ</span> <span class='ocrx_word' id='word_1_210' title='bbox 503 1733 665 1774; x_wconf 77' lang='grc' dir='ltr'>ἐμπόδια</span> <span class='ocrx_word' id='word_1_211' title='bbox 692 1733 733 1768; x_wconf 79' lang='grc' dir='ltr'>ἐκ</span> <span class='ocrx_word' id='word_1_212' title='bbox 758 1735 826 1776; x_wconf 83' lang='grc' dir='ltr'>τῆς</span> <span class='ocrx_word' id='word_1_213' title='bbox 854 1736 923 1767; x_wconf 77' lang='grc' dir='ltr'>τοῦ</span> <span class='ocrx_word' id='word_1_214' title='bbox 946 1733 1124 1776; x_wconf 85' lang='grc' dir='ltr'>σώματος</span> <span class='ocrx_word' id='word_1_215' title='bbox 1143 1733 1353 1776; x_wconf 84' lang='grc' dir='ltr'>βαρύτητος</span> <span class='ocrx_word' id='word_1_216' title='bbox 1376 1733 1399 1775; x_wconf 81' lang='grc' dir='ltr'>ἢ</span> <span class='ocrx_word' id='word_1_217' title='bbox 1429 1733 1468 1767; x_wconf 80' lang='grc' dir='ltr'>ἐκ</span> <span class='ocrx_word' id='word_1_218' title='bbox 1494 1735 1563 1776; x_wconf 85' lang='grc' dir='ltr'>τής</span> <span class='ocrx_word' id='word_1_219' title='bbox 1588 1734 1666 1766; x_wconf 87' lang='grc' dir='ltr'>τῶν</span> 
     </span>
     <span class='ocr_line' id='line_1_28' title="bbox 252 1797 1665 1842; baseline -0.001 -11"><span class='ocrx_word' id='word_1_220' title='bbox 252 1798 645 1842; x_wconf 82' lang='grc' dir='ltr'>παρασκευαζομένων</span> <span class='ocrx_word' id='word_1_221' title='bbox 676 1798 934 1842; x_wconf 82' lang='grc' dir='ltr'>πραγματείας</span> <span class='ocrx_word' id='word_1_222' title='bbox 959 1798 982 1841; x_wconf 84' lang='grc' dir='ltr'>ἢ</span> <span class='ocrx_word' id='word_1_223' title='bbox 1011 1799 1051 1832; x_wconf 87' lang='grc' dir='ltr'>ἐκ</span> <span class='ocrx_word' id='word_1_224' title='bbox 1079 1801 1149 1832; x_wconf 81' lang='grc' dir='ltr'>τοῦ</span> <span class='ocrx_word' id='word_1_225' title='bbox 1176 1799 1335 1832; x_wconf 83' lang='grc' dir='ltr'>κωλύειν</span> <span class='ocrx_word' id='word_1_226' title='bbox 1367 1797 1439 1840; x_wconf 83' lang='grc' dir='ltr'>τὴν</span> <span class='ocrx_word' id='word_1_227' title='bbox 1471 1797 1555 1840; x_wconf 81' lang='grc' dir='ltr'>περὶ</span> <span class='ocrx_word' id='word_1_228' title='bbox 1586 1799 1665 1830; x_wconf 88' lang='grc' dir='ltr'>τῶν</span> 
     </span>
     <span class='ocr_line' id='line_1_29' title="bbox 253 1862 1668 1906; baseline -0.002 -8"><span class='ocrx_word' id='word_1_229' title='bbox 253 1862 499 1905; x_wconf 80' lang='grc' dir='ltr'>κυριωτάτων</span> <span class='ocrx_word' id='word_1_230' title='bbox 533 1864 726 1904; x_wconf 83' lang='grc' dir='ltr'>λογισμῶν</span> <span class='ocrx_word' id='word_1_231' title='bbox 759 1862 952 1906; x_wconf 84' lang='grc' dir='ltr'>ἐνέργειαν</span> <span class='ocrx_word' id='word_1_232' title='bbox 989 1863 1086 1897; x_wconf 83' lang='grc' dir='ltr'>εἶναι</span> <span class='ocrx_word' id='word_1_233' title='bbox 1116 1864 1257 1905; x_wconf 85' lang='grc' dir='ltr'>συνεχῆ</span> <span class='ocrx_word' id='word_1_234' title='bbox 1289 1862 1312 1904; x_wconf 88' lang='grc' dir='ltr'>ἢ</span> <span class='ocrx_word' id='word_1_235' title='bbox 1347 1862 1387 1896; x_wconf 81' lang='grc' dir='ltr'>ἔκ</span> <span class='ocrx_word' id='word_1_236' title='bbox 1420 1871 1523 1902; x_wconf 87' lang='grc' dir='ltr'>τινος</span> <span class='ocrx_word' id='word_1_237' title='bbox 1555 1862 1668 1904; x_wconf 83' lang='grc' dir='ltr'>ἄλλης</span> 
     </span>
     <span class='ocr_line' id='line_1_30' title="bbox 254 1926 1724 1971; baseline 0.001 -9"><span class='ocrx_word' id='word_1_238' title='bbox 254 1926 385 1970; x_wconf 76' lang='grc' dir='ltr'>αἰτίας,</span> <span class='ocrx_word' id='word_1_239' title='bbox 423 1928 535 1969; x_wconf 81' lang='grc' dir='ltr'>εὐθὺς</span> <span class='ocrx_word' id='word_1_240' title='bbox 565 1927 787 1970; x_wconf 83' lang='grc' dir='ltr'>ἀλυσιτελὴς</span> <span class='ocrx_word' id='word_1_241' title='bbox 819 1927 961 1969; x_wconf 77' lang='grc' dir='ltr'>γίνεται</span> <span class='ocrx_word' id='word_1_242' title='bbox 993 1928 1053 1962; x_wconf 85' lang='grc' dir='ltr'>καὶ</span> <span class='ocrx_word' id='word_1_243' title='bbox 1089 1927 1159 1961; x_wconf 87' lang='grc' dir='ltr'>οὐκ</span> <span class='ocrx_word' id='word_1_244' title='bbox 1193 1926 1448 1969; x_wconf 82' lang='grc' dir='ltr'>ἀντάλλακτος</span> <span class='ocrx_word' id='word_1_245' title='bbox 1480 1927 1576 1971; x_wconf 85' lang='grc' dir='ltr'>πρὸς</span> <span class='ocrx_word' id='word_1_246' title='bbox 1599 1926 1668 1968; x_wconf 86' lang='grc' dir='ltr'>τὰς</span> <span class='ocrx_word' id='word_1_247' title='bbox 1691 1939 1724 1965; x_wconf 77' lang='lat'>25</span> 
     </span>
     <span class='ocr_line' id='line_1_31' title="bbox 254 1991 819 2035; baseline 0.002 -9"><span class='ocrx_word' id='word_1_248' title='bbox 254 1992 612 2034; x_wconf 81' lang='grc' dir='ltr'>συνακολουθούσας</span> <span class='ocrx_word' id='word_1_249' title='bbox 639 1991 819 2035; x_wconf 84' lang='grc' dir='ltr'>ὀχλήσεις.</span> 
     </span>
    </p>
   </div>
   <div class='ocr_carea' id='block_1_8' title="bbox 252 2065 1668 2242">
    <p class='ocr_par' dir='ltr' id='par_1_9' title="bbox 252 2065 1668 2242">
     <span class='ocr_line' id='line_1_32' title="bbox 375 2065 1667 2109; baseline 0.001 -9"><span class='ocrx_word' id='word_1_250' title='bbox 375 2065 622 2101; x_wconf 68' lang='lat' dir='ltr'>Ponmwmvs</span> <span class='ocrx_word' id='word_1_251' title='bbox 653 2068 698 2100; x_wconf 87' lang='lat' dir='ltr'>de</span> <span class='ocrx_word' id='word_1_252' title='bbox 732 2069 858 2101; x_wconf 75' lang='lat' dir='ltr'>abstin.</span> <span class='ocrx_word' id='word_1_253' title='bbox 891 2075 904 2101; x_wconf 91' lang='lat'>1</span> <span class='ocrx_word' id='word_1_254' title='bbox 933 2069 973 2102; x_wconf 86' lang='lat'>51</span> <span class='ocrx_word' id='word_1_255' title='bbox 1022 2068 1077 2102; x_wconf 84' lang='grc' dir='ltr'>ἔτι</span> <span class='ocrx_word' id='word_1_256' title='bbox 1108 2069 1168 2102; x_wconf 81' lang='grc' dir='ltr'>καὶ</span> <span class='ocrx_word' id='word_1_257' title='bbox 1193 2068 1238 2102; x_wconf 87' lang='grc' dir='ltr'>τὸ</span> <span class='ocrx_word' id='word_1_258' title='bbox 1265 2067 1440 2109; x_wconf 87' lang='grc' dir='ltr'>ἀλγεινὸν</span> <span class='ocrx_word' id='word_1_259' title='bbox 1465 2067 1510 2101; x_wconf 86' lang='grc' dir='ltr'>τὸ</span> <span class='ocrx_word' id='word_1_260' title='bbox 1536 2067 1582 2101; x_wconf 80' lang='grc' dir='ltr'>δι’</span> <span class='ocrx_word' id='word_1_261' title='bbox 1610 2066 1667 2101; x_wconf 83' lang='grc' dir='ltr'>ἑν-</span> 
     </span>
     <span class='ocr_line' id='line_1_33' title="bbox 252 2130 1668 2176; baseline -0.001 -10"><span class='ocrx_word' id='word_1_262' title='bbox 252 2130 354 2173; x_wconf 77' lang='grc' dir='ltr'>δείας</span> <span class='ocrx_word' id='word_1_263' title='bbox 386 2133 529 2176; x_wconf 84' lang='grc' dir='ltr'>πολλῆς</span> <span class='ocrx_word' id='word_1_264' title='bbox 555 2132 763 2176; x_wconf 83' lang='grc' dir='ltr'>ἠπιότητος</span> <span class='ocrx_word' id='word_1_265' title='bbox 789 2133 811 2174; x_wconf 88' lang='grc' dir='ltr'>ἢ</span> <span class='ocrx_word' id='word_1_266' title='bbox 838 2133 883 2167; x_wconf 88' lang='grc' dir='ltr'>τὸ</span> <span class='ocrx_word' id='word_1_267' title='bbox 909 2133 971 2167; x_wconf 81' lang='grc' dir='ltr'>διὰ</span> <span class='ocrx_word' id='word_1_268' title='bbox 996 2133 1231 2176; x_wconf 82' lang='grc' dir='ltr'>πληρώσεως</span> <span class='ocrx_word' id='word_1_269' title='bbox 1258 2132 1415 2175; x_wconf 83' lang='grc' dir='ltr'>μετέχει,</span> <span class='ocrx_word' id='word_1_270' title='bbox 1444 2131 1509 2166; x_wconf 82' lang='grc' dir='ltr'>ἐὰν</span> <span class='ocrx_word' id='word_1_271' title='bbox 1536 2130 1585 2175; x_wconf 82' lang='grc' dir='ltr'>μή</span> <span class='ocrx_word' id='word_1_272' title='bbox 1612 2141 1668 2172; x_wconf 85' lang='grc' dir='ltr'>τις</span> 
     </span>
     <span class='ocr_line' id='line_1_34' title="bbox 254 2197 966 2242; baseline 0.003 -12"><span class='ocrx_word' id='word_1_273' title='bbox 254 2200 338 2237; x_wconf 81' lang='grc' dir='ltr'>ταῖς</span> <span class='ocrx_word' id='word_1_274' title='bbox 363 2200 488 2239; x_wconf 85' lang='grc' dir='ltr'>κεναῖς</span> <span class='ocrx_word' id='word_1_275' title='bbox 517 2197 640 2239; x_wconf 75' lang='grc' dir='ltr'>δόξαις</span> <span class='ocrx_word' id='word_1_276' title='bbox 666 2198 802 2232; x_wconf 85' lang='grc' dir='ltr'>ἑαυτὸν</span> <span class='ocrx_word' id='word_1_277' title='bbox 831 2198 966 2242; x_wconf 85' lang='grc' dir='ltr'>ἀπατᾷ.</span> 
     </span>
    </p>
   </div>
   <div class='ocr_carea' id='block_1_9' title="bbox 255 2269 1726 2510">
    <p class='ocr_par' dir='ltr' id='par_1_10' title="bbox 255 2269 1726 2510">
     <span class='ocr_line' id='line_1_35' title="bbox 377 2269 1726 2315; baseline 0.001 -11"><span class='ocrx_word' id='word_1_278' title='bbox 377 2269 623 2307; x_wconf 70' lang='grc' dir='ltr'>ΡοιιΡΗΥιιινε</span> <span class='ocrx_word' id='word_1_279' title='bbox 653 2274 697 2306; x_wconf 84' lang='lat' dir='ltr'>de</span> <span class='ocrx_word' id='word_1_280' title='bbox 722 2274 850 2305; x_wconf 84' lang='lat' dir='ltr'>abstin.</span> <span class='ocrx_word' id='word_1_281' title='bbox 877 2281 890 2306; x_wconf 91' lang='lat'>1</span> <span class='ocrx_word' id='word_1_282' title='bbox 919 2273 962 2306; x_wconf 81' lang='lat'>51</span> <span class='ocrx_word' id='word_1_283' title='bbox 999 2273 1023 2315; x_wconf 81' lang='grc' dir='ltr'>ἤ</span> <span class='ocrx_word' id='word_1_284' title='bbox 1050 2282 1092 2306; x_wconf 90' lang='grc' dir='ltr'>τε</span> <span class='ocrx_word' id='word_1_285' title='bbox 1117 2270 1282 2306; x_wconf 84' lang='grc' dir='ltr'>ποικιλία</span> <span class='ocrx_word' id='word_1_286' title='bbox 1307 2274 1385 2306; x_wconf 84' lang='grc' dir='ltr'>τῶν</span> <span class='ocrx_word' id='word_1_287' title='bbox 1411 2273 1570 2315; x_wconf 80' lang='grc' dir='ltr'>τροφῶν</span> <span class='ocrx_word' id='word_1_288' title='bbox 1598 2271 1669 2314; x_wconf 84' lang='grc' dir='ltr'>οὐχ</span> <span class='ocrx_word' id='word_1_289' title='bbox 1692 2283 1726 2307; x_wconf 76' lang='lat'>30</span> 
     </span>
     <span class='ocr_line' id='line_1_36' title="bbox 255 2336 1669 2381; baseline -0.001 -10"><span class='ocrx_word' id='word_1_290' title='bbox 255 2336 361 2377; x_wconf 87' lang='grc' dir='ltr'>ὅπως</span> <span class='ocrx_word' id='word_1_291' title='bbox 385 2336 452 2377; x_wconf 89' lang='grc' dir='ltr'>τὰς</span> <span class='ocrx_word' id='word_1_292' title='bbox 477 2337 644 2380; x_wconf 84' lang='grc' dir='ltr'>ταραχὰς</span> <span class='ocrx_word' id='word_1_293' title='bbox 669 2339 738 2381; x_wconf 83' lang='grc' dir='ltr'>τῆς</span> <span class='ocrx_word' id='word_1_294' title='bbox 765 2339 891 2380; x_wconf 85' lang='grc' dir='ltr'>ψυχῆς</span> <span class='ocrx_word' id='word_1_295' title='bbox 924 2336 1057 2380; x_wconf 79' lang='grc' dir='ltr'>ἐκλύει,</span> <span class='ocrx_word' id='word_1_296' title='bbox 1096 2336 1176 2372; x_wconf 83' lang='grc' dir='ltr'>ἀλλ’</span> <span class='ocrx_word' id='word_1_297' title='bbox 1204 2337 1293 2371; x_wconf 81' lang='grc' dir='ltr'>οὐδὲ</span> <span class='ocrx_word' id='word_1_298' title='bbox 1318 2336 1389 2378; x_wconf 76' lang='grc' dir='ltr'>τὴν</span> <span class='ocrx_word' id='word_1_299' title='bbox 1420 2337 1460 2370; x_wconf 80' lang='grc' dir='ltr'>ἐν</span> <span class='ocrx_word' id='word_1_300' title='bbox 1485 2338 1532 2380; x_wconf 81' lang='grc' dir='ltr'>τῇ</span> <span class='ocrx_word' id='word_1_301' title='bbox 1560 2337 1669 2379; x_wconf 80' lang='grc' dir='ltr'>σαρκὶ</span> 
     </span>
     <span class='ocr_line' id='line_1_37' title="bbox 256 2400 1666 2445; baseline -0.001 -11"><span class='ocrx_word' id='word_1_302' title='bbox 256 2400 401 2443; x_wconf 80' lang='grc' dir='ltr'>ἡδονὴν</span> <span class='ocrx_word' id='word_1_303' title='bbox 435 2402 674 2437; x_wconf 75' lang='grc' dir='ltr'>συνεπαὺξει’</span> <span class='ocrx_word' id='word_1_304' title='bbox 719 2402 836 2445; x_wconf 79' lang='grc' dir='ltr'>πέρας</span> <span class='ocrx_word' id='word_1_305' title='bbox 861 2402 932 2444; x_wconf 87' lang='grc' dir='ltr'>γὰρ</span> <span class='ocrx_word' id='word_1_306' title='bbox 959 2402 1033 2444; x_wconf 80' lang='grc' dir='ltr'>ἔχει</span> <span class='ocrx_word' id='word_1_307' title='bbox 1065 2403 1124 2436; x_wconf 77' lang='grc' dir='ltr'>καὶ</span> <span class='ocrx_word' id='word_1_308' title='bbox 1158 2402 1254 2445; x_wconf 85' lang='grc' dir='ltr'>αὕτη</span> <span class='ocrx_word' id='word_1_309' title='bbox 1282 2401 1356 2443; x_wconf 85' lang='grc' dir='ltr'>ἅμα</span> <span class='ocrx_word' id='word_1_310' title='bbox 1383 2404 1430 2444; x_wconf 83' lang='grc' dir='ltr'>τῇ</span> <span class='ocrx_word' id='word_1_311' title='bbox 1456 2402 1525 2443; x_wconf 87' lang='grc' dir='ltr'>τῆς</span> <span class='ocrx_word' id='word_1_312' title='bbox 1554 2401 1666 2443; x_wconf 83' lang='grc' dir='ltr'>ἀλγη-</span> 
     </span>
     <span class='ocr_line' id='line_1_38' title="bbox 257 2466 636 2510; baseline 0.005 -11"><span class='ocrx_word' id='word_1_313' title='bbox 257 2466 367 2507; x_wconf 85' lang='grc' dir='ltr'>δόνος</span> <span class='ocrx_word' id='word_1_314' title='bbox 392 2467 636 2510; x_wconf 79' lang='grc' dir='ltr'>ὑπεξαιρέσει.</span> 
     </span>
    </p>
   </div>
   <div class='ocr_carea' id='block_1_10' title="bbox 257 2580 1672 2799">
    <p class='ocr_par' dir='ltr' id='par_1_11' title="bbox 257 2580 1672 2799">
     <span class='ocr_line' id='line_1_39' title="bbox 376 2580 1669 2633; baseline -0.002 -13"><span class='ocrx_word' id='word_1_315' title='bbox 376 2588 397 2620; x_wconf 82' lang='grc'><strong>2</strong></span> <span class='ocrx_word' id='word_1_316' title='bbox 425 2587 639 2633; x_wconf 82' lang='grc' dir='ltr'>σύμφυλον]</span> <span class='ocrx_word' id='word_1_317' title='bbox 667 2590 712 2621; x_wconf 79' lang='lat' dir='ltr'>cs.</span> <span class='ocrx_word' id='word_1_318' title='bbox 733 2588 946 2621; x_wconf 66' lang='lat' dir='ltr'>Plutarchus</span> <span class='ocrx_word' id='word_1_319' title='bbox 973 2587 1089 2631; x_wconf 84' lang='lat' dir='ltr'>Grylli</span> <span class='ocrx_word' id='word_1_320' title='bbox 1117 2598 1146 2619; x_wconf 87' lang='lat' dir='ltr'>e.</span> <span class='ocrx_word' id='word_1_321' title='bbox 1166 2587 1188 2620; x_wconf 77' lang='grc' dir='ltr'><strong>Β</strong></span> <span class='ocrx_word' id='word_1_322' title='bbox 1213 2580 1358 2631; x_wconf 44' lang='lat' dir='ltr'>ps5l91b</span> <span class='ocrx_word' id='word_1_323' title='bbox 1398 2584 1415 2631; x_wconf 76' lang='grc' dir='ltr'>Η</span> <span class='ocrx_word' id='word_1_324' title='bbox 1461 2586 1503 2619; x_wconf 83' lang='grc'>18</span> <span class='ocrx_word' id='word_1_325' title='bbox 1528 2596 1669 2630; x_wconf 81' lang='lat' dir='ltr'>praece-</span> 
     </span>
     <span class='ocr_line' id='line_1_40' title="bbox 257 2642 1668 2691; baseline -0.001 -13"><span class='ocrx_word' id='word_1_326' title='bbox 257 2647 309 2679; x_wconf 83' lang='lat' dir='ltr'>dit</span> <span class='ocrx_word' id='word_1_327' title='bbox 327 2647 367 2678; x_wconf 82' lang='lat' dir='ltr'>fr.</span> <span class='ocrx_word' id='word_1_328' title='bbox 389 2645 455 2680; x_wconf 80' lang='lat'>481</span> <span class='ocrx_word' id='word_1_329' title='bbox 505 2645 511 2691; x_wconf 61' lang='lat' dir='ltr'>f</span> <span class='ocrx_word' id='word_1_330' title='bbox 557 2647 600 2679; x_wconf 77' lang='lat'>21</span> <span class='ocrx_word' id='word_1_331' title='bbox 630 2646 702 2691; x_wconf 87' lang='grc' dir='ltr'>ὧν]</span> <span class='ocrx_word' id='word_1_332' title='bbox 729 2647 751 2681; x_wconf 83' lang='grc' dir='ltr'>ἃ</span> <span class='ocrx_word' id='word_1_333' title='bbox 776 2647 860 2679; x_wconf 86' lang='lat' dir='ltr'>libri</span> <span class='ocrx_word' id='word_1_334' title='bbox 905 2648 912 2689; x_wconf 66' lang='grc' dir='ltr'>ι</span> <span class='ocrx_word' id='word_1_335' title='bbox 958 2647 1003 2680; x_wconf 83' lang='grc'>26</span> <span class='ocrx_word' id='word_1_336' title='bbox 1031 2646 1189 2690; x_wconf 79' lang='lat' dir='ltr'>sequitur</span> <span class='ocrx_word' id='word_1_337' title='bbox 1212 2648 1254 2679; x_wconf 83' lang='lat' dir='ltr'>fr.</span> <span class='ocrx_word' id='word_1_338' title='bbox 1272 2646 1343 2679; x_wconf 79' lang='lat'>470</span> <span class='ocrx_word' id='word_1_339' title='bbox 1386 2645 1400 2688; x_wconf 83' lang='grc' dir='ltr'>ΙΙ</span> <span class='ocrx_word' id='word_1_340' title='bbox 1442 2644 1488 2678; x_wconf 79' lang='grc'>28</span> <span class='ocrx_word' id='word_1_341' title='bbox 1511 2642 1668 2688; x_wconf 75' lang='grc' dir='ltr'>πολλῆς]</span> 
     </span>
     <span class='ocr_line' id='line_1_41' title="bbox 258 2703 1672 2750; baseline -0.003 -10"><span class='ocrx_word' id='word_1_342' title='bbox 258 2707 389 2750; x_wconf 77' lang='grc' dir='ltr'>πολλῷ</span> <span class='ocrx_word' id='word_1_343' title='bbox 409 2705 585 2747; x_wconf 83' lang='grc' dir='ltr'>πλείονος</span> <span class='ocrx_word' id='word_1_344' title='bbox 600 2707 788 2745; x_wconf 75' lang='lat' dir='ltr'>Reiskius‚</span> <span class='ocrx_word' id='word_1_345' title='bbox 809 2707 870 2739; x_wconf 79' lang='lat' dir='ltr'>sed</span> <span class='ocrx_word' id='word_1_346' title='bbox 888 2708 930 2740; x_wconf 76' lang='lat' dir='ltr'>cf.</span> <span class='ocrx_word' id='word_1_347' title='bbox 946 2706 1130 2739; x_wconf 72' lang='lat' dir='ltr'>Rhoerius</span> <span class='ocrx_word' id='word_1_348' title='bbox 1149 2707 1194 2738; x_wconf 79' lang='lat' dir='ltr'>ad</span> <span class='ocrx_word' id='word_1_349' title='bbox 1209 2705 1341 2750; x_wconf 78' lang='lat' dir='ltr'>Porph.</span> <span class='ocrx_word' id='word_1_350' title='bbox 1362 2716 1394 2749; x_wconf 80' lang='lat' dir='ltr'>p.</span> <span class='ocrx_word' id='word_1_351' title='bbox 1414 2704 1478 2738; x_wconf 78' lang='lat'>126</span> <span class='ocrx_word' id='word_1_352' title='bbox 1501 2704 1507 2746; x_wconf 60' lang='grc' dir='ltr'>ξ</span> <span class='ocrx_word' id='word_1_353' title='bbox 1530 2703 1574 2737; x_wconf 82' lang='grc'>29</span> <span class='ocrx_word' id='word_1_354' title='bbox 1591 2714 1672 2736; x_wconf 87' lang='lat' dir='ltr'>cou—</span> 
     </span>
     <span class='ocr_line' id='line_1_42' title="bbox 260 2763 573 2799; baseline 0.01 -3"><span class='ocrx_word' id='word_1_355' title='bbox 260 2767 417 2797; x_wconf 75' lang='lat' dir='ltr'>tinuatui·</span> <span class='ocrx_word' id='word_1_356' title='bbox 444 2765 484 2797; x_wconf 77' lang='lat' dir='ltr'>fr.</span> <span class='ocrx_word' id='word_1_357' title='bbox 505 2763 573 2799; x_wconf 77' lang='lat'>463</span> 
     </span>
    </p>
   </div>
  </div>
 </body>
</html>
