1842 3250
154 1079 223 1113 353

155 1536 224 1569 354

241 243 312 276 238
715 242 922 274 EPICVRI
957 241 1174 273 PHYSICA

242 366 318 388 rum
344 356 446 399 ponit
479 361 618 398 praeter
651 361 789 388 atomos
817 356 853 387 id
880 361 933 386 est
961 354 1172 397 corpuscula
1205 354 1379 397 quaedam
1411 358 1479 385 tam
1507 353 1651 390 minuta,

241 426 279 453 ut
307 421 409 452 etiam
440 420 554 452 diuidi
587 428 763 461 nequeant
795 430 910 462 neque
943 419 1067 451 sentiri
1102 423 1160 451 aut
1187 418 1267 449 uisu
1294 422 1352 449 aut
1376 420 1470 448 tactu
1496 417 1652 459 possint:

242 494 390 527 quorum
417 483 709 526 corpusculorum
738 493 910 515 concursu
945 483 1091 514 fortuito
1126 487 1160 514 et
1190 481 1343 514 mundos
1375 480 1653 513 innumerabiles

245 553 279 580 et
304 548 494 580 animantia
520 553 554 580 et
579 549 675 591 ipsas
702 548 836 580 animas
861 547 936 579 fieri
962 547 1048 578 dicit
1075 551 1107 578 et
1135 547 1235 583 deos,
1262 556 1353 588 quos
1370 545 1525 577 humana
1543 545 1654 577 forma

244 623 315 645 non
341 612 376 644 in
402 612 523 654 aliquo
549 611 682 643 mundo
710 612 774 643 sed
801 615 897 643 extra
921 611 1074 643 mundos
1101 615 1205 653 atque
1230 610 1322 641 inter
1346 609 1498 642 mundos
1526 609 1655 641 consti·
1679 619 1695 644 5

244 676 328 713 tuit;
360 680 394 708 et
421 686 492 708 non
519 675 596 707 uult
623 676 768 707 omnino
796 675 932 717 aliquid
957 679 1095 717 praeter
1122 684 1273 716 corpora
1300 674 1465 715 cogitare,
1493 683 1583 715 quae
1608 678 1656 705 ta-

244 750 324 771 men
350 744 387 771 ut
414 739 558 779 cogitet,
595 739 765 780 imagines
794 739 880 770 dicit
907 739 950 770 ab
978 738 1065 780 ipsis
1093 738 1211 776 rebus,
1245 748 1332 779 quas
1360 739 1485 770 atomis
1514 738 1656 770 formari

245 810 356 846 putat,
383 804 536 836 defluere
564 808 668 846 atque
694 804 730 834 in
758 803 910 835 animum
935 803 1081 835 introire
1107 803 1313 835 subtiliores
1337 812 1442 844 quam
1468 806 1547 833 sunt
1571 801 1657 833 illae

245 867 417 908 imagines
449 877 539 909 quae
574 868 617 898 ad
652 868 778 898 oculos
811 868 969 899 ueniunt.
1022 877 1099 898 nam
1133 872 1167 898 et
1200 866 1346 898 uidendi
1375 876 1535 897 caussam
1567 865 1657 897 lianc

247 942 325 963 esse
361 931 458 968 dicit,
495 931 657 971 ingentes
690 931 860 974 quasdam
894 931 1067 971 imagines
1104 931 1151 962 ita
1184 935 1221 961 ut
1253 930 1459 961 uniuersum
1489 928 1658 961 mundum

247 995 516 1037 conplectantur
546 996 764 1027 extrinsecus
776 995 795 1028 '.

368 1075 520 1110 81:st
547 1088 636 1119 emp.
665 1077 744 1109 adu.
772 1077 928 1117 dogmat.
947 1083 992 1108 111
1019 1074 1198 1117 (mathem.
1218 1074 1274 1111 lx]
1294 1075 1339 1108 25
1376 1073 1592 1117 Ἐπίκουρος
1619 1073 1659 1108 δὲ

248 1141 288 1175 ἐκ
315 1143 393 1174 τῶν
420 1142 515 1175 κατὰ
541 1141 630 1182 τοὺς
657 1141 800 1181 ὕπνους
830 1142 1051 1182 φαντασιῶν
1086 1140 1203 1174 οἴεται
1235 1140 1325 1181 τοὺς
1352 1140 1577 1184 ἀνθρώπους
1603 1140 1659 1174 ἔν-

246 1217 354 1240 νοιαν
384 1206 588 1240 ἑσπακὲναι
616 1207 723 1239 θεοῦ·
769 1204 942 1246 μεγάλων
970 1206 1041 1247 γὰρ
1068 1205 1247 1247 εἰδώλων,
1287 1205 1392 1247 φησί,
1430 1205 1488 1238 καὶ
1515 1205 1659 1249 ἀνθρω-

247 1270 459 1314 πομόρφων
495 1270 590 1303 κατὰ
623 1270 712 1310 τοὺς
746 1270 888 1310 ὕπνους
922 1269 1243 1312 προσπιπτόντων
1275 1269 1465 1311 ὑπέλαβον
1492 1271 1551 1303 καὶ
1581 1272 1661 1311 ταῖς

248 1334 437 1378 ἀληθείαις
466 1334 646 1377 ὑπάρχειν
672 1334 776 1374 τινὰς
802 1334 1000 1374 τοιούτους
1027 1334 1137 1375 Θεοὺς
1165 1334 1529 1376 ἀνθρωπομόρφους.

296 1450 362 1481 DE
388 1450 604 1481 NATVRA
631 1450 693 1481 ET
720 1450 901 1481 FORMA
927 1450 1143 1481 DEORVM

368 1530 664 1564 TERTVLLJANVS
683 1531 864 1574 apologet.
886 1532 928 1564 47
957 1531 1110 1573 ‘(deum)
1141 1531 1199 1562 alii
1229 1530 1487 1573 incorporalem
1516 1531 1662 1562 adseue-

250 1600 336 1631 rant.
359 1596 417 1627 alii
439 1595 672 1638 corporalem,
700 1601 736 1626 ut
756 1602 824 1626 tam
844 1595 1022 1627 Platonici
1042 1606 1144 1637 quam
1165 1595 1294 1627 Stoici:
1323 1595 1385 1626 alii
1407 1606 1454 1626 ex
1484 1595 1661 1632 atomis,

251 1660 312 1691 alii
342 1671 383 1692 ex
411 1661 574 1696 numeris,
603 1670 672 1702 qua
697 1660 917 1702 Epicurus
946 1663 979 1690 et
1006 1659 1258 1701 Pytliagoras’.

253 1723 509 1768 [LAC'PAN'PIVS
538 1725 581 1756 de
609 1725 659 1756 ira
687 1725 742 1755 dei
777 1725 828 1762 10,
857 1723 901 1756 28
936 1724 1192 1755 ‘concedamus
1220 1729 1336 1755 tamen
1361 1723 1429 1763 his,
1457 1728 1495 1755 ut
1523 1734 1564 1754 ex
1592 1728 1662 1755 ato-

250 1789 315 1820 mis
342 1788 426 1820 fiant
458 1799 547 1831 quae
582 1793 721 1820 terrena
755 1793 851 1820 sunt:
892 1799 973 1820 num
1006 1789 1111 1820 etiarn
1138 1788 1330 1821 caelestia?
1376 1789 1463 1820 deos
1490 1788 1587 1820 aiunt
1612 1788 1663 1819 in-

251 1850 436 1896 corruptos
461 1857 624 1885 aeternos
653 1854 775 1885 beatos
804 1864 882 1885 esse
911 1854 1070 1896 solisque
1099 1854 1182 1886 dant
1208 1854 1474 1891 immunitatem,
1510 1863 1553 1884 ne
1581 1863 1663 1884 con-

251 1927 355 1949 cursu
389 1923 584 1950 atomorum
619 1918 776 1950 concreti
814 1928 892 1950 esse
927 1918 1122 1951 uideantur.
1176 1918 1204 1949 si
1238 1918 1331 1950 enim
1366 1918 1416 1950 dii
1451 1927 1594 1960 quoque
1622 1928 1663 1949 ex

372 2062 392 2094 2
419 2067 461 2092 ut
486 2063 557 2092 lam
585 2061 640 2093 ed.
659 2061 749 2093 Ven.
797 2061 802 2101 1
853 2061 892 2094 11
923 2060 1083 2104 sequitur
1112 2060 1277 2092 refutatio
1319 2060 1334 2103 ss
1383 2060 1424 2093 13
1453 2061 1494 2092 cf.
1522 2062 1663 2094 Lucrct.

250 2120 541 2155 vuol—1193.
571 2121 633 2152 sed
655 2121 724 2151 hoc
742 2121 850 2152 modo
871 2121 954 2152 dum
974 2121 1038 2162 Ep.
1059 2120 1212 2162 explicat
1235 2119 1352 2153 πόθεν
1373 2119 1522 2153 ἔννοιαν
1551 2119 1663 2161 ἔσχον

252 2182 350 2214 θεῶν
378 2180 582 2221 ἄνθρωποι,
624 2190 694 2210 non
726 2179 855 2211 omittit
889 2190 990 2211 ueras
1023 2179 1241 2220 distinguere
1275 2184 1308 2211 et
1341 2177 1448 2210 salsas
1476 2178 1664 2220 opiniones

252 2238 437 2274 admixtas,
470 2238 512 2271 cf.
539 2238 642 2269 Lucr.
671 2246 697 2271 V
720 2237 955 2271 1194--1240
981 2237 1058 2270 162
1078 2248 1154 2280 sqq.
1188 2245 1223 2269 VI
1244 2238 1289 2270 50
1305 2248 1382 2280 sqq.
1410 2242 1490 2270 cett.
1525 2237 1531 2279 l
1569 2236 1664 2270 κατὰ

251 2299 342 2339 τοὺς
359 2296 517 2341 ὕπνους]
538 2297 581 2329 cs.
602 2298 706 2333 Lucr,
719 2304 747 2329 V
768 2297 857 2330 1169
881 2297 1000 2329 dz'uom
1020 2298 1189 2328 mortalita
1211 2298 1331 2328 saecla
1351 2298 1525 2338 egregias
1545 2299 1664 2329 animo

244 2358 370 2401 facies
390 2358 574 2397 uz'gz'lante
592 2357 773 2393 uidebant,
792 2360 826 2386 et
842 2358 964 2397 magis
982 2357 1019 2386 z'n
1038 2357 1174 2387 somnis
1192 2356 1360 2387 mirando
1375 2357 1537 2397 corporis
1555 2359 1664 2386 auctu

252 2423 292 2448 vl
321 2416 365 2447 76
384 2427 435 2457 sq.
477 2413 494 2459 Η
537 2413 580 2448 19
608 2415 652 2446 ct'.
680 2414 796 2445 Zeller
823 2414 904 2446 hist.
933 2413 1020 2456 phil.
1049 2414 1107 2446 Gr.
1136 2421 1180 2445 ΠΙ
1208 2413 1244 2445 1³
1272 2424 1305 2456 p.
1324 2413 1394 2447 433
1441 2413 1446 2454 1
1493 2413 1533 2445 21
1563 2423 1665 2455 supe-

254 2474 406 2506 rioribus
443 2473 617 2515 Leucippi
654 2473 848 2504 sententias
884 2473 1090 2504 Lactantius
1129 2471 1299 2514 explicuit
1336 2472 1573 2514 refutauitque
1608 2471 1666 2503 ad-

255 2533 401 2575 sumptis
428 2533 532 2564 simul
552 2532 785 2570 Lucrefianis,
814 2537 852 2563 ut
877 2532 1065 2574 Epicurum
1094 2532 1281 2574 inpugnari
1309 2537 1441 2563 certum
1469 2530 1525 2569 sit,
1553 2532 1595 2564 cf.
1615 2531 1664 2564 ib.

254 2593 298 2626 33
325 2592 544 2634 Epicurum,
573 2591 610 2622 in
634 2601 740 2633 quem
769 2591 908 2622 uanitas
936 2591 1049 2622 omnis
1076 2591 1121 2622 de
1140 2590 1314 2633 Leucippi
1341 2591 1440 2622 sonte
1467 2589 1663 2632 profluxit'.

254 2661 350 2682 error
367 2650 541 2682 Lactantii
570 2650 778 2681 manifestus
805 2656 861 2682 est
886 2649 949 2681 sed
979 2655 1091 2688 uetuS,
1118 2654 1156 2681 ut
1174 2650 1338 2681 conicere
1364 2649 1448 2681 licet
1469 2649 1563 2681 conl.
1582 2648 1664 2680 Phi-

253 2709 398 2741 lodemo
425 2719 462 2742 π,
491 2709 567 2742 εὐσ.
588 2708 677 2740 VH2
695 2716 723 2740 Π
741 2708 783 2741 81
811 2719 845 2750 p.
865 2708 928 2740 111
952 2708 1079 2750 Gomp.
1099 2706 1221 2751 (supra
1241 2708 1285 2740 ad
1304 2719 1337 2750 p.
1357 2707 1435 2747 125,
1455 2708 1513 2750 11)
1541 2711 1575 2739 et
1593 2707 1665 2741 Cic.

255 2768 300 2800 de
326 2773 396 2801 nat.
421 2768 518 2801 deor.
547 2776 557 2800 ι
585 2768 643 2805 25,
663 2767 702 2800 71
735 2768 856 2809 <supra
876 2767 918 2798 ad
938 2777 970 2808 p.
987 2766 1132 2811 234,1).
1170 2769 1212 2798 cf.
1241 2767 1387 2800 s1.283=
1413 2767 1449 2799 in
1475 2766 1666 2809 spicilegio

1685 937 1715 960 lo

1688 1280 1717 1304 15

1687 1672 1720 1695 ⁸20
