1846 3288
298 225 464 258 LXVIII
857 221 1148 256 PRAEFATIO

300 342 390 379 ridii
421 340 607 380 ordinem
629 346 840 390 tamquam
861 339 971 377 filum
991 340 1205 389 quoddam
1226 339 1453 389 disputatio
1474 341 1710 381 academica

301 414 554 459 sequeretur,
592 420 676 445 non
707 407 843 457 potuit
882 417 980 444 sane
1020 406 1062 444 in
1102 407 1377 457 explicatione
1415 409 1710 447 sententiarum

299 474 454 513 Tullius
483 475 768 513 commodiore
798 473 981 511 subsidio
1012 475 1084 525 uti,
1115 475 1243 512 modo
1274 475 1491 513 infuissent
1521 487 1627 525 quae
1656 477 1711 514 ad

302 543 618 593 explicationem
637 542 811 580 maxime
834 542 1070 580 necessaria
1085 549 1211 588 erant,
1231 542 1442 580 notionum
1464 554 1711 582 summarum

302 608 486 647 definitio
519 614 560 647 et
590 609 668 646 alia
699 609 741 645 id
778 619 920 657 genus.
980 609 1055 646 sed
1092 617 1136 646 ut
1171 609 1303 647 obiter
1341 610 1438 647 satis
1472 610 1628 648 dictum
1657 611 1710 648 de

301 675 502 716 Cicerone
541 675 801 727 philosopho,
848 687 970 725 quem
1006 688 1135 726 usque
1163 676 1289 715 hodie
1313 678 1382 714 uix
1401 677 1557 715 -credas
1584 678 1713 728 magi·

302 750 409 783 stros
441 755 533 782 esse
563 745 634 794 qui
668 744 801 793 pueris
833 744 1052 793 legendum
1072 756 1171 794 prae
1202 743 1372 782 Platone
1401 746 1579 784 tradant.
1616 744 1712 795 Epi·

299 811 385 849 curi
416 812 524 850 enim
559 811 826 849 refutationes
858 810 1075 849 Tullianae
1112 823 1214 861 quas
1244 813 1348 850 duas
1379 817 1566 850 tenemus
1597 812 1713 850 dubi·

298 879 375 917 tari
405 879 546 929 nequit
583 878 684 930 quin
719 879 847 916 altera
877 880 931 917 de
962 880 1024 917 dis
1067 877 1141 928 (de
1176 885 1260 917 nat.
1287 880 1405 920 deor.
1434 886 1452 919 1
1475 881 1540 928 22,
1563 881 1612 918 61
1645 891 1707 916 us-

299 956 380 996 que
411 946 467 985 ad
499 943 745 996 extremum)
776 959 800 983 a
832 944 1061 992 Carneade,
1091 948 1219 984 altera
1249 948 1305 984 de
1337 946 1596 996 philosophia
1625 959 1713 984 mo-

302 1013 374 1054 rali
404 1011 480 1065 (de
510 1014 574 1052 fin.
606 1014 629 1054 l.
653 1011 708 1063 11)
740 1014 791 1051 ab
817 1014 1025 1052 Antiocho
1056 1014 1253 1064 originem
1284 1014 1440 1052 ducant
1452 1011 1479 1052 ¹.
1540 1019 1712 1062 utraque

303 1081 545 1120 eruditionis
582 1082 703 1132 plena
750 1088 813 1119 est
849 1093 986 1132 neque
1019 1082 1152 1119 aliena
1184 1095 1209 1119 a
1239 1080 1484 1121 cauillando.
1544 1087 1587 1119 et
1615 1080 1712 1118 Car-

301 1149 481 1188 neadem
518 1149 685 1199 quidem
724 1149 820 1186 alibi
856 1147 911 1199 (p.
937 1150 1072 1194 287‚8
1105 1150 1159 1186 ad
1191 1149 1236 1188 fr.
1266 1146 1368 1198 436)
1399 1150 1584 1187 uidemus
1615 1149 1712 1198 Epi-

301 1228 441 1256 curum
478 1216 602 1254 etiarn
640 1216 818 1265 maligna
846 1217 1011 1255 fictione
1041 1217 1231 1265 inridere,
1274 1222 1321 1254 ut
1347 1222 1484 1254 tamen
1515 1217 1712 1254 scientem

302 1296 386 1322 non
418 1285 542 1324 fallat.
587 1284 662 1322 sed
683 1291 824 1322 tamen
845 1284 1110 1333 quantumuis
1131 1283 1170 1321 hi
1203 1283 1456 1329 cauillentur‚
1490 1294 1583 1321 eum
1602 1295 1711 1333 quae

301 1352 480 1390 refutare
511 1350 639 1389 uelint
670 1351 799 1401 probe
831 1351 966 1389 norint
999 1362 1172 1399 eamque
1204 1350 1415 1388 scientiam.
1445 1350 1596 1401 ubique
1615 1362 1712 1400 pro·

302 1420 415 1469 dant,
461 1430 620 1458 summa
661 1424 723 1456 est
770 1431 909 1457 eorum
951 1419 1111 1464 utilitas
1151 1419 1218 1468 qui
1258 1431 1308 1455 ex
1346 1418 1412 1455 illo
1452 1417 1566 1456 fonte
1602 1419 1712 1456 riuos

302 1498 399 1527 suos
432 1486 667 1536 inrigatum,
697 1485 905 1525 Ciceronis
938 1498 984 1524 ac
1015 1485 1237 1523 Plutarchi.

323 1656 330 1674 Ι
411 1609 473 1649 Ne.
494 1610 571 1661 ipsi
594 1611 762 1660 quidem
784 1609 1027 1648 inrisores
1052 1610 1180 1647 fructu
1204 1616 1357 1654 carent,
1373 1610 1499 1647 modo
1516 1616 1712 1648 caueatur

303 1684 344 1716 ut
376 1678 637 1728 amplificatio
671 1678 813 1716 iocosa
845 1678 900 1716 ad
931 1677 1113 1715 ueritatis
1143 1677 1311 1714 modum
1342 1677 1561 1725 redigatur.
1601 1681 1712 1714 recte

300 1758 432 1797 nuper
462 1746 511 1785 R.
544 1745 741 1784 Hirzelius
773 1745 952 1782 Hermae
983 1751 1011 1783 t.
1047 1751 1170 1785 XVIII
1199 1757 1237 1794 p.
1262 1747 1282 1783 1
1313 1755 1400 1794 sqq.
1441 1743 1602 1781 fabulae
1633 1742 1713 1781 La-

302 1814 456 1864 cydeae
497 1825 522 1852 a
559 1813 764 1852 Numenio
802 1820 843 1850 et
883 1811 1048 1850 Laertio
1091 1810 1281 1861 Diogene
1317 1816 1506 1849 narratae
1542 1810 1713 1861 uestigia

300 1959 389 1986 sunt
406 1979 411 1986 .
431 1979 438 1986 .
457 1979 463 1986 .
474 1952 644 1996 profecto
672 1953 759 1983 deus
793 1951 841 1991 (at
873 1950 909 1983 in
938 1950 1154 1983 refutatione
1178 1959 1224 1984 111
1251 1949 1308 1989 11,
1333 1948 1380 1983 96
1404 1948 1472 1981 scit
1498 1958 1574 1981 esse
1598 1949 1714 1981 diuer-

301 2013 398 2052 sam),
438 2011 574 2044 tertiam
607 2010 664 2042 An
699 2021 784 2041 uero
819 2010 854 2041 si
885 2011 1027 2041 domum
1046 2035 1054 2043 ,
1075 2010 1291 2051 ..desipere
1322 2008 1499 2041 uidear-e?
1537 2013 1713 2050 tamquam

303 2081 397 2103 suam
422 2069 524 2114 ponit
550 2069 690 2112 sibique
716 2069 793 2111 ipse
819 2076 864 2101 111
891 2067 923 2106 7,
952 2067 996 2101 18
1022 2067 1060 2100 in
1084 2067 1291 2111 prolusione
1320 2066 1536 2099 refutationis
1562 2067 1714 2099 oratoria

302 2129 483 2168 adscribit,
511 2139 587 2162 eum
615 2128 649 2161 in
675 2127 886 2160 refutatione
901 2127 1157 2170 Chrysippeam
1175 2137 1253 2159 esse
1279 2135 1325 2160 111
1343 2125 1400 2170 10,
1418 2125 1463 2160 26
1487 2136 1559 2159 non
1587 2132 1710 2166 neget;

301 2195 343 2222 111
373 2189 493 2232 ζῷον
519 2186 707 2229 λογικὸν
735 2187 854 2221 εἶναι
879 2186 957 2221 τὸν
985 2185 1157 2228 κόσμον
1175 2185 1367 2229 (cf.Laert.
1384 2194 1440 2218 vn
1456 2184 1540 2228 142)
1558 2185 1713 2218 omnium

301 2246 434 2290 optime
460 2250 649 2290 seruatum,
675 2245 740 2277 etsi
766 2245 877 2277 uerbo
906 2254 976 2277 non
1011 2255 1099 2288 opus
1128 2248 1182 2277 est
1214 2248 1326 2276 totum
1360 2243 1613 2276 alienissimum
1638 2253 1714 2276 esse

300 2315 320 2337 a
354 2305 465 2349 prima
499 2314 603 2348 quam
637 2303 755 2336 statuit
781 2303 905 2336 Cicero
938 2308 1034 2346 parte
1070 2313 1148 2335 esse
1174 2303 1258 2334 deos
1283 2306 1319 2335 et
1351 2301 1470 2345 potius
1495 2302 1540 2334 ad
1566 2301 1714 2334 alteram

300 2367 423 2408 qualis
450 2365 598 2396 dem-um
624 2370 762 2395 nutura
790 2364 841 2395 sit
864 2362 1046 2395 adtinere:
1071 2361 1224 2394 Zenonis
1251 2361 1403 2393 rationes
1428 2365 1595 2404 quattuor
1620 2360 1714 2392 bene

301 2422 488 2455 distinctae
513 2421 546 2460 8.
566 2420 610 2456 21
629 2432 681 2465 sq.
708 2420 883 2465 (secunda
909 2420 999 2453 infra
1026 2419 1082 2462 12,
1104 2419 1152 2454 32
1178 2424 1354 2462 tamquam
1379 2429 1473 2451 noua
1496 2419 1573 2452 sine
1599 2418 1712 2452 dubio

303 2492 345 2515 ex
362 2480 559 2513 Posidonio
584 2480 752 2520 iteratur),
781 2479 957 2512 Cleanthis
977 2478 1230 2519 argumentatio
1247 2477 1304 2516 12,
1317 2476 1469 2516 33—13,
1483 2477 1530 2512 343
1548 2476 1602 2521 (id
1617 2477 1713 2520 quod

301 2544 441 2574 constat
467 2550 510 2571 ex
536 2540 644 2572 Sexto
677 2539 756 2573 adu.
782 2537 887 2572 math.
916 2547 959 2572 xx
985 2537 1153 2580 &tl-91),
1187 2537 1375 2580 Chrysippi
1401 2536 1490 2569 duae
1515 2536 1713 2569 conclusio·

300 2609 364 2632 nes
392 2597 448 2635 14.
467 2596 622 2633 37-39.
650 2608 753 2629 uuum
773 2597 887 2631 habeo
915 2597 1013 2641 quod
1039 2596 1167 2629 addam
1191 2596 1432 2637 fragmentum,
1459 2600 1601 2627 naturae
1626 2594 1713 2627 defi·

301 2656 469 2689 nitionem
489 2657 688 2690 zenoncam
704 2655 819 2694 2257
833 2667 884 2699 sq.
899 2656 983 2688 loco
1001 2655 1224 2698 ineptissimo
1238 2653 1445 2687 inculcatam
1459 2652 1514 2695 (cs.
1529 2659 1652 2696 p.va
1670 2652 1712 2694 1).

424 2715 440 2748 l
470 2715 513 2747 cf.
544 2715 590 2748 R.
616 2715 741 2749 Hirzel
766 2717 1093 2756 untersuclmngen
1121 2716 1174 2747 ab.
1204 2713 1346 2747 Ciceros
1367 2713 1502 2755 philos.
1529 2712 1712 2756 schriseen

302 2780 313 2806 1
339 2783 375 2817 p.
395 2772 441 2807 32
455 2783 533 2817 sqq.
560 2780 587 2807 11
613 2784 648 2819 p.
667 2773 739 2809 630
749 2785 825 2818 sqq.
