1842 3250
208 217 279 252 348
755 220 1074 253 SPICILEGIVM

109 333 178 368 228
205 329 255 374 (p.
272 330 357 375 17-2)
376 332 455 365 adn.
475 344 509 376 p.
526 332 606 376 171,
620 332 663 367 31
693 334 774 368 add,
792 334 1000 367 Athenaeus
1017 345 1074 369 xlx
1093 346 1126 379 p.
1142 334 1241 370 513⁸.
1282 335 1349 368 alia
1365 336 1472 370 habet
1487 337 1611 370 Sextus

206 407 297 441 emp.
324 396 404 430 adu.
431 402 594 431 matnem.
624 399 643 430 1
669 398 738 432 ‘273
754 410 804 442 sq.
833 404 865 431 et
891 398 970 433 283.

108 476 178 512 229
204 489 238 521 p.
260 477 337 522 172,
358 478 404 512 23
431 479 531 513 add.:
561 480 602 514 cs.
631 481 757 513 Sextus
785 491 877 525 emp.
904 480 983 513 adu.
1012 481 1118 515 math.
1148 490 1163 515 1
1188 480 1270 516 293.

91 557 179 593 229⁸
203 570 238 602 p.
261 559 378 598 1732
404 560 502 594 add.:
530 563 573 595 cf.
601 559 726 593 Cicero
754 560 798 593 de
826 560 886 594 sm.
914 570 927 594 1
953 561 987 600 6,
1014 561 1070 595 20.

108 638 176 673 231
203 639 284 672 adn.
310 650 343 682 p.
366 638 443 682 173,
463 639 507 674 21
534 640 631 674 add.:
666 641 794 673 eodem
821 641 929 672 modo
955 640 1067 673 Stoici
1092 641 1137 674 τὸ
1165 639 1431 684 εἰρωνεύεσθαι
1457 643 1617 685 φαύλων
1646 653 1663 677 ⁵

204 703 301 739 εἶναί
331 713 460 747 φασιν,
495 704 633 738 οὐδένα
664 704 736 747 γὰρ
771 704 970 747 ἐλεύθερον
999 705 1060 738 καὶ
1093 705 1306 740 σπουδαῖον
1340 705 1620 749 εἰρωνεύεσθαι,

204 774 242 800 ut
277 773 397 800 auctor
428 774 478 800 est
505 769 613 800 Arius
641 769 815 812 Didymus
849 769 996 801 stobaei
1031 769 1097 802 ecl.
1129 769 1200 802 eth.
1228 781 1262 813 p.
1289 769 1360 804 222
1385 771 1434 803 Η.
1464 770 1542 809 108,
1574 770 1617 805 12

204 816 386 866 XVaclism.
427 838 533 876 atque
559 833 595 865 in
620 833 822 876 Apollonio
847 833 1026 876 Tyanensi
1052 834 1177 866 laudat
1194 833 1435 867 Philostratus
1464 835 1523 869 uit.
1547 837 1620 879 Ap.

203 905 216 929 1
245 895 287 930 17
314 907 347 938 p.
369 895 412 930 <21
439 904 524 929 extr.
552 897 648 940 quod
676 897 765 932 οὐδὲ
795 897 1096 941 εἰρωνευομένου
1127 908 1183 940 τις
1216 899 1380 941 ἤκουσεν
1409 899 1433 941 ἢ
1460 909 1620 943 περιπα·

201 963 362 1001 τούντος
390 960 429 1002 ἐς
453 961 544 1003 τοὺς
571 961 855 1006 ἀκροωμένους.
1647 975 1682 1000 10

69 1040 193 1085 237sq.
208 1041 396 1085 Epicurum
422 1042 576 1075 imitatur
601 1043 755 1075 comicus
770 1043 928 1075 Sotionis
956 1053 1010 1086 ap.
1029 1043 1162 1077 Athen.
1180 1052 1252 1077 vlu
1277 1054 1311 1087 p.
1328 1043 1416 1077 33⁶3·
1443 1043 1558 1087 (Com.
1574 1053 1620 1078 111

203 1104 340 1148 123211)
365 1104 402 1139 τί
427 1107 546 1139 ταῦτα
573 1107 709 1148 ληρεῖς,
735 1106 951 1148 φληναφῶν
977 1105 1056 1139 ἅνω
1074 1105 1178 1140 κάτω
1193 1105 1352 1140 Λύκειον
1369 1105 1620 1149 Ἀκαδήμειαν

205 1168 364 1204 Ὠιδείου
391 1169 522 1212 πύλας,
548 1169 687 1212 λήρους
714 1171 927 1212 σοφιστῶν;
959 1169 1047 1204 οὐδὲ
1074 1169 1115 1204 ἓν
1140 1169 1292 1204 τούτων
1320 1170 1447 1204 καλὸν.

107 1250 178 1286 239
203 1251 302 1285 adn.:
341 1252 516 1286 Arcesilai
542 1251 586 1284 ab
613 1251 766 1294 Epicuro
794 1252 978 1294 inpugnati
1005 1251 1154 1292 uestigia
1189 1252 1346 1285 seruauit
1369 1251 1552 1285 Lucretius
1579 1260 1619 1285 IV

202 1314 272 1349 469
291 1326 367 1359 sqq.
404 1315 446 1349 cf.
478 1320 569 1349 sent.
595 1324 706 1349 xxm.
1647 1326 1681 1351 15

101 1396 188 1432 244⁸
334 1393 528 1428 IOHANNES
555 1393 716 1428 Slcvbvs
743 1395 787 1427 ad
814 1396 1080 1436 Hermogenem
1106 1395 1211 1428 Rhet.
1231 1395 1363 1428 Walzii
1388 1400 1412 1430 t.
1430 1405 1470 1429 vl
1495 1407 1528 1439 p.
1551 1396 1622 1431 202

206 1459 250 1493 Οἱ
277 1458 574 1502 Περιπατητικοὶ
592 1458 854 1500 ...λέγουσιν’
889 1459 950 1493 ἐπὶ
981 1459 1124 1501 παντὸς
1156 1459 1378 1503 πράγματος
1403 1460 1426 1502 ἢ
1455 1461 1479 1504 ἡ
1508 1471 1620 1495 κατα-

203 1532 317 1567 φασις
342 1523 365 1564 ἢ
393 1523 417 1565 ἡ
444 1523 636 1566 ἀπόφασις
663 1523 810 1567 χωρίζει
835 1523 880 1559 τὸ
904 1523 1040 1566 ἀληθὲς
1068 1525 1128 1558 καὶ
1153 1524 1198 1558 τὸ
1225 1524 1384 1566 ψεῦδος·
1412 1525 1444 1561 εί
1463 1526 1530 1567 μὲν
1548 1525 1621 1570 γὰρ

203 1589 227 1630 ἡ
261 1587 472 1630 κατάφασις
505 1587 659 1630 ψευδής,
703 1589 725 1630 ή
761 1587 954 1630 ἀπόφασις
986 1587 1144 1631 ἀληθής·
1181 1588 1212 1623 εἰ
1245 1588 1286 1623 δὲ
1325 1589 1421 1631 αὕτη
1462 1589 1618 1632 ψευδής,

203 1652 327 1695 ἐκείνη
354 1652 507 1693 πάντως
534 1652 689 1695 ἀληθής,
716 1652 748 1687 εἰ
774 1654 853 1688 ἔστι
887 1652 1228 1697 προσδιωρισμένη,
1261 1653 1460 1688 τουτέστιν
1487 1653 1519 1689 εἰ
1545 1654 1620 1696 ἔχει
1646 1665 1682 1690 20

204 1717 271 1751 τὸν
297 1719 380 1758 πᾶς
406 1718 702 1760 προσδιορισμὸν
729 1718 751 1759 ἢ
779 1717 847 1752 τὸν
875 1718 925 1752 οὐ
951 1720 1037 1759 πᾶς
1066 1718 1088 1760 ἢ
1115 1718 1183 1752 τὸν
1209 1719 1277 1759 τὶς
1303 1718 1325 1759 ἢ
1354 1718 1421 1752 τὸν
1449 1718 1618 1761 οὐδείς·

204 1781 288 1815 οἷον
313 1782 415 1823 “πᾶς
441 1783 643 1825 ἅνθρωπος
672 1782 804 1823 λευκός
827 1779 932 1816 ἐστί’
963 1781 1106 1824 ψευδής
1134 1782 1248 1824 ἐστιν,
1275 1782 1348 1816 “ot'’
1375 1784 1448 1824 πᾶς
1473 1783 1618 1825 ἄνθρω-

203 1856 275 1888 πος
296 1846 429 1888 λευκός
455 1846 588 1881 ἐστιν’*
615 1846 758 1890 ἀληθής
785 1846 925 1881 ἐστιν’.
943 1873 950 1880 .
966 1874 973 1880 .
990 1873 998 1880 .
1016 1848 1076 1881 καὶ
1103 1845 1293 1890 μερίζουσι
1325 1846 1370 1881 τὸ
1397 1846 1534 1889 ἀληθὲς
1558 1847 1618 1881 καὶ

203 1911 247 1944 τὸ
274 1911 412 1953 ψεῦδος
439 1911 534 1945 κατὰ
567 1911 634 1945 τὸν
661 1911 825 1954 ῥηθέντα
852 1911 1042 1945 κανόνα..
1058 1935 1066 1943 .
1082 1910 1240 1945 Τούτων
1266 1911 1370 1945 οὕτω
1403 1911 1618 1955 διηυκρινη·

203 1975 326 2017 μένων
353 1975 573 2010 ἀνθίσταται
600 1975 779 2010 Πλάτωνι
805 1977 826 2010 ὁ
850 1975 1069 2019 Ἐπίκουρος
1093 1976 1273 2018 φάσκων·
1302 1975 1442 2018 ψεῦδός
1469 1976 1547 2010 ἐστι
1573 1976 1619 2011 τὸ
1644 1986 1679 2012 25

202 2040 297 2074 εἶναι
322 2041 398 2074 πᾶν
424 2042 578 2083 πρᾶγμα
605 2040 699 2074 κατὰ
718 2041 787 2083 τὴν
815 2041 1029 2083 κατάφασιν
1050 2041 1073 2083 ἢ
1101 2040 1296 2083 ἀπόφασιν
1324 2039 1460 2084 ἀληθὲς
1477 2041 1501 2084 ἢ
1525 2051 1617 2083 ψευ-

202 2104 278 2145 δές
306 2104 387 2139 ἰδοὺ
413 2104 486 2148 γὰρ
512 2104 582 2139 εἰσί
607 2116 691 2140 τινα
718 2107 796 2141 τῶν
815 2106 953 2146 ὄντων,
981 2105 1043 2149 ἐφ’
1069 2104 1125 2139 ὧν
1151 2104 1460 2148 ἀπροσδιόριστοι
1484 2105 1616 2140 τουτέ-

202 2177 284 2203 στιν
316 2168 354 2203 αἱ
386 2169 436 2212 μὴ
469 2170 623 2211 ἔχουσαι
653 2172 733 2204 τῶν
759 2169 1056 2214 προρρηθέντων
1083 2170 1391 2213 προσδιορισμῶν
1417 2179 1501 2204 τινα
1526 2169 1617 2205 οὔτε

201 2233 454 2276 ἀληθεύουσιν
481 2234 569 2269 οὔτε
597 2235 804 2277 ψεύδονται
831 2234 925 2268 ἀλλὰ
947 2235 1007 2268 καὶ
1034 2234 1081 2268 τὰ
1108 2234 1307 2277 ἀμφότερα
1333 2233 1564 2276 πάσχουσιν·
1591 2234 1616 2277 ἡ

201 2298 273 2342 γὰρ
297 2300 468 2341 νυκτερὶς
497 2299 598 2342 ὄρνις
625 2299 691 2340 μέν
710 2299 788 2333 ἐστι
816 2299 910 2333 διότι
935 2298 1102 2341 ἵπταται,
1129 2298 1199 2332 οὐκ
1225 2298 1328 2342 ὄρνις
1349 2298 1390 2333 δὲ
1410 2298 1506 2332 διότι
1522 2299 1614 2343 ζῳο·
1642 2306 1678 2332 ³0

201 2366 304 2398 τοκεῑ
341 2363 400 2397 καὶ
432 2363 595 2406 θηλάζει,
631 2362 709 2397 ἀλλ’
744 2362 814 2397 οὐκ
847 2363 1007 2406 ᾠοτοκεῖ
1033 2362 1113 2397 οὐδ’
1142 2361 1322 2406 ἐπῳάζει·
1358 2362 1378 2396 ὁ
1405 2362 1447 2397 δὲ
1472 2361 1615 2406 νάρθηξ

201 2428 310 2462 ξύλον
338 2428 433 2462 διότι.
458 2427 601 2462 καίεται
631 2429 691 2462 καὶ
718 2428 859 2469 θάμνος
885 2427 997 2465 ἐστίν,
1026 2427 1072 2462 οὐ
1092 2426 1203 2462 ξύλον
1221 2427 1262 2461 δὲ.
1287 2427 1382 2461 διότι
1405 2427 1616 2470 σομφώδης

203 2490 322 2526 ἐστίν·
349 2491 454 2526 οὕτω
479 2503 538 2526 και
566 2492 590 2534 ἡ
617 2493 785 2536 κισσηρὶς
816 2491 917 2534 λίθος
942 2492 1002 2526 καὶ
1032 2492 1079 2526 οὐ
1105 2491 1217 2535 λίθος,
1251 2491 1297 2527 τὸ
1326 2490 1394 2534 μὲν
1422 2491 1481 2526 ὅτι
1507 2490 1615 2526 λίθου

320 2624 364 2658 2-1
392 2635 463 2657 non
489 2630 583 2657 recte
602 2625 686 2657 olim
704 2624 764 2668 (cf.
784 2625 862 2657 adn.
883 2636 918 2668 p.
938 2624 1017 2668 179,
1037 2625 1073 2666 S)
1093 2625 1179 2656 haec
1199 2624 1314 2658 reieci.
1348 2634 1418 2668 quo
1441 2627 1613 2666 spectent.

199 2683 383 2725 intellegas
412 2683 506 2716 conl.
535 2687 572 2717 fr.
600 2682 670 2717 37⁴5
704 2683 710 2726 Ι
745 2682 791 2717 28
816 2694 900 2717 τινα
928 2683 951 2718 ἃ
977 2684 1066 2718 οὔτε
1101 2684 1283 2717 serebatur,
1333 2683 1531 2715 subiectum
1563 2681 1614 2714 in·

199 2742 333 2784 tellege
351 2741 554 2786 προτάσεις
574 2742 581 2784 1
603 2742 646 2776 31
674 2742 763 2778 οὐδὲ
788 2742 929 2778 πωάζει
949 2743 1126 2777 ferebatur
1147 2744 1153 2786 Ι
1175 2742 1223 2778 32
1240 2741 1443 2786 σομφῶδὲς
1462 2742 1577 2774 editur
