1846 3288
315 217 383 250 LII
871 215 1164 248 PRAEFATIO

429 328 504 369 His
532 336 724 381 quattuor
744 330 887 369 libellis
919 330 1109 368 subiunxi
1131 330 1406 379 fragmenta
1427 329 1619 367 librorum
1638 330 1723 379 epi-

320 399 598 449 stularumque
629 398 792 448 Epicuri
828 404 1030 447 quotquot
1061 410 1133 448 per
1175 398 1427 447 antiquitatis
1459 404 1722 435 monumenta

317 478 459 516 sparsa
502 467 700 516 indagare
744 466 870 515 potui.
931 477 1037 514 quae
1081 471 1244 515 propter
1293 477 1409 502 usum
1447 472 1486 503 et
1521 477 1650 503 rerum
1682 472 1721 503 et

319 533 536 572 uerborum
567 534 631 571 uel
663 534 716 571 ad
748 533 837 570 illos
869 532 1168 581 intellegendos
1200 538 1242 569 et
1263 533 1548 570 emendandos
1581 545 1722 570 neces-

315 601 421 638 saria
449 607 578 640 erant.
620 601 693 638 sed
715 600 847 637 fateor
868 599 907 636 in
940 599 996 636 eis
1025 599 1120 637 mihi
1142 612 1208 637 me
1241 600 1403 637 minime
1432 600 1531 637 satis
1563 599 1722 641 fecisse.

316 668 467 719 quodsi
497 668 614 705 diues
645 678 789 712 essem,
822 667 929 704 hanc
950 678 1073 715 quam
1095 679 1202 705 nunc
1234 667 1342 704 foras
1371 667 1513 705 emitto
1545 668 1724 716 syllogen

313 726 515 773 milii’soli
547 735 858 785 exprimendam
886 745 1105 781 curassem,
1137 740 1182 772 ut
1210 735 1368 772 relectis
1400 740 1584 772 ueterum
1615 734 1723 772 libris

315 808 356 840 et
379 797 526 839 ‘denuo
567 801 747 839 excussis
781 806 943 838 auctam
980 806 1023 838 et
1060 807 1287 839 correctam
1318 802 1578 850 publicarem.
1639 802 1724 839 fieri

316 870 424 907 enim
455 868 595 918 nequit
623 874 668 906 ut
689 870 794 906 unus
826 880 908 905 uno
941 868 1155 906 conamine
1186 880 1350 906 omnem
1382 869 1543 918 copiam
1572 868 1724 905 exhau-

314 938 402 976 riat.
465 935 627 973 accedit
662 936 776 984 quod
807 947 899 972 cum
932 947 1083 984 operae
1115 936 1153 972 in
1185 935 1246 973 his
1276 936 1509 984 fragmentis
1541 936 1621 973 iam
1655 943 1722 973 ex-·

315 1010 561 1047 emerentur,
583 1003 737 1039 mutaui
756 1002 979 1046 consilium,
1001 1007 1045 1039 ut
1062 1015 1146 1039 non
1164 1003 1291 1040 solum
1309 1009 1513 1040 certorum
1532 1003 1722 1039 librorum

313 1069 487 1118 uestigia
524 1075 566 1106 et
607 1068 837 1116 fragmenta
876 1068 972 1117 ipsis
1004 1068 1167 1118 Epicuri
1199 1069 1369 1106 uocibus
1400 1069 1584 1117 insignia,
1617 1080 1723 1118 quae

313 1138 399 1175 sola
437 1137 709 1186 conlegeram,
756 1137 832 1173 sed
869 1137 988 1174 etiam
1026 1137 1317 1174 sententiarum
1360 1137 1596 1174 testimonia
1627 1150 1724 1175 con·

311 1205 673 1255 prehenderentur.
736 1215 817 1253 qua
855 1215 911 1249 re,
952 1215 1041 1241 cum
1080 1215 1162 1240 non
1201 1216 1342 1241 omnes
1380 1204 1597 1253 scriptores
1629 1206 1725 1242 mihi

312 1278 478 1311 uacaret
510 1278 744 1314 retractare,
767 1271 1001 1309 necessario
1023 1271 1174 1308 accidit
1199 1277 1242 1307 ut
1265 1283 1370 1319 quae
1392 1277 1513 1308 antea
1535 1273 1724 1310 consulto

311 1341 556 1390 spreuissem
587 1340 668 1376 iam
699 1350 763 1375 me
795 1337 981 1387 fugerent
1012 1338 1197 1375 inuitum.
1250 1338 1312 1374 cui
1345 1339 1498 1375 damno
1530 1339 1724 1388 aliquate-

310 1418 385 1445 nus
421 1407 477 1444 ita
516 1406 672 1443 mederi
715 1406 866 1447 studui,
909 1411 951 1442 ut
996 1405 1240 1454 perlustrato
1283 1405 1489 1443 Gassendi
1528 1406 1723 1445 thesauro

309 1484 394 1512 non
424 1474 533 1511 nulla
571 1484 678 1522 quae
710 1483 793 1509 non
825 1478 935 1509 recte
975 1473 1125 1509 deesse
1165 1472 1244 1508 hoc
1275 1472 1477 1509 monitore
1512 1473 1722 1517 uidissem,

310 1541 520 1591 spicilegio
552 1539 873 1589 fragmentorum
904 1537 960 1588 (p.
989 1540 1068 1577 342
1087 1536 1192 1588 sqq.)
1216 1540 1449 1579 insererem.
1498 1541 1722 1588 aegerrime

311 1615 448 1647 autem
470 1608 729 1657 deploratam
760 1607 1011 1644 uoluminum
1029 1606 1399 1644 Herculanensium
1433 1607 1723 1656 plerorumque

311 1676 598 1714 condicionem
642 1674 735 1712 tuli:
786 1687 871 1712 non
908 1675 1052 1724 loquor
1083 1675 1134 1711 de
1176 1675 1366 1711 librorum
1400 1672 1510 1724 Περὶ
1540 1671 1722 1724 φύσεως

311 1743 501 1794 reliquiis,
546 1753 648 1792 quas
687 1753 779 1779 cum
812 1741 1060 1779 Theodorus
1094 1742 1365 1791 Gomperzius
1397 1743 1625 1780 secundum
1658 1755 1724 1780 ac-

311 1810 607 1849 curatissimam
648 1810 879 1848 chartarum
915 1809 1236 1858 recognitionem
1270 1809 1399 1846 multo
1439 1821 1561 1858 quam
1600 1815 1724 1848 antea

310 1878 513 1929 pleniores
549 1881 591 1914 et
632 1883 773 1914 auctas
813 1877 1051 1927 propediem
1087 1877 1270 1914 editurus
1302 1877 1365 1924 sit,
1405 1876 1528 1914 risum
1558 1878 1724 1915 meruis-

312 1957 410 1994 sem,
445 1945 478 1983 si
509 1945 606 1983 solis
638 1943 884 1994 apographis
908 1944 1193 1993 Neapolitanis
1223 1944 1331 1981 nisus
1355 1944 1501 1981 frustra
1523 1950 1724 1995 temptare

309 2025 433 2053 ausus
464 2025 611 2052 essem.
661 2013 736 2050 sed
766 2013 831 2050 illa
866 2011 1094 2050 Philodemi
1126 2025 1234 2062 quae.
1266 2026 1364 2063 prae
1397 2012 1542 2051 ceteris
1573 2012 1726 2050 referta

311 2087 406 2119 sunt
449 2081 614 2130 Epicuri
657 2080 907 2129 fragmentis,
952 2086 1033 2118 tam
1071 2080 1178 2117 male
1219 2080 1361 2118 habita
1393 2087 1488 2119 sunt
1524 2085 1569 2118 ut
1601 2080 1723 2116 etiam

310 2149 473 2198 saepius
505 2148 759 2197 relegentem
792 2147 966 2196 uestigia
1000 2148 1117 2184 facile
1150 2147 1295 2185 fallant
1324 2155 1367 2185 et
1397 2149 1566 2185 inuenta
1597 2158 1723 2196 saepe

310 2229 364 2253 ne
394 2227 520 2253 uoces
553 2215 718 2264 quidem
752 2215 946 2263 integras,
978 2215 1132 2251 nedum
1163 2216 1404 2260 sententias,
1436 2216 1512 2252 sed
1544 2213 1722 2262 singula·-

311 2284 412 2321 rium
443 2283 665 2320 litterarum
698 2282 940 2331 farraginem
972 2293 1106 2330 paene
1137 2282 1320 2319 inutilem
1343 2282 1527 2320 offerant.
1575 2281 1723 2319 talibus

311 2351 409 2400 quid
440 2349 579 2399 facias,
610 2361 700 2387 cum
731 2350 857 2387 etiam
881 2349 949 2385 ubi
971 2349 1129 2386 beatior
1153 2349 1349 2386 memoria
1373 2349 1611 2386 continuum
1632 2360 1723 2385 sen—

311 2417 529 2455 tentiarum
560 2417 744 2454 ordinem
778 2417 922 2466 largita
955 2421 1031 2460 est,
1069 2428 1190 2465 quam
1228 2416 1377 2453 lubrica
1409 2421 1452 2452 et
1493 2415 1722 2464 periculosa

310 2484 548 2522 coniectura
593 2485 751 2522 litterae
795 2484 980 2534 perditae
1027 2484 1316 2533 suppleantur,
1363 2494 1485 2520 nemo
1530 2488 1722 2532 expertus

309 2550 525 2591 nesciatP¹
557 2552 689 2591 fateor
721 2552 786 2590 hic
817 2552 897 2590 illic
927 2564 991 2589 me
1023 2564 1118 2591 cum
1149 2551 1303 2589 litteras
1335 2562 1457 2588 sensu
1478 2561 1619 2589 cassas
1650 2549 1723 2586 ad·

432 2707 450 2740 1
479 2707 641 2757 exemplo
667 2711 785 2750 potest
811 2717 887 2740 esse
914 2708 1011 2750 quod
1027 2717 1096 2739 non
1117 2706 1190 2739 sine
1206 2705 1454 2750 probabilitate
1471 2716 1504 2749 p.
1525 2704 1616 2748 96‚3
1642 2704 1722 2737 scri-

307 2767 393 2799 bere
420 2766 504 2799 mihi
529 2766 677 2799 uidebar
694 2763 865 2811 ψή[χει]ν
886 2766 931 2808 ἐμ
949 2763 1136 2810 [πε]λάγει
1164 2767 1306 2808 Ζητεῑν;
1333 2775 1417 2797 uero
1441 2765 1597 2803 inuento,
1625 2764 1721 2807 quod
