<?xml version="1.0" encoding="UTF-8"?>
<!DOCTYPE html PUBLIC "-//W3C//DTD XHTML 1.0 Transitional//EN"
    "http://www.w3.org/TR/xhtml1/DTD/xhtml1-transitional.dtd">
<html xmlns="http://www.w3.org/1999/xhtml" xml:lang="en" lang="en">
 <head>
  <title>
</title>
<meta http-equiv="Content-Type" content="text/html;charset=utf-8" />
  <meta name='ocr-system' content='tesseract 3.04.00' />
  <meta name='ocr-capabilities' content='ocr_page ocr_carea ocr_par ocr_line ocrx_word'/>
</head>
<body>
  <div class='ocr_page' id='page_1' title='image "./epicvreaedidithe00epicuoft/epicvreaedidithe00epicuoft_0202.png"; bbox 0 0 1846 3288; ppageno 0'>
   <div class='ocr_carea' id='block_1_1' title="bbox 299 196 1260 232">
    <p class='ocr_par' dir='ltr' id='par_1_1' title="bbox 299 196 1260 232">
     <span class='ocr_line' id='line_1_1' title="bbox 299 196 1260 232; baseline 0.001 -1"><span class='ocrx_word' id='word_1_1' title='bbox 299 199 365 231; x_wconf 75' lang='lat'>118</span> <span class='ocrx_word' id='word_1_2' title='bbox 744 198 950 230; x_wconf 85' lang='lat' dir='ltr'><strong>EPICVRI</strong></span> <span class='ocrx_word' id='word_1_3' title='bbox 982 196 1260 232; x_wconf 88' lang='grc' dir='ltr'>ΣΥΜΠΟΣΙΟΝ</span> 
     </span>
    </p>
   </div>
   <div class='ocr_carea' id='block_1_2' title="bbox 297 311 1709 356">
    <p class='ocr_par' dir='ltr' id='par_1_2' title="bbox 297 311 1709 356">
     <span class='ocr_line' id='line_1_2' title="bbox 297 311 1709 356; baseline 0.001 -10"><span class='ocrx_word' id='word_1_4' title='bbox 297 313 470 354; x_wconf 87' lang='grc' dir='ltr'>κίνδυνός</span> <span class='ocrx_word' id='word_1_5' title='bbox 496 313 597 347; x_wconf 78' lang='grc' dir='ltr'>ἐστιν</span> <span class='ocrx_word' id='word_1_6' title='bbox 624 312 840 346; x_wconf 88' lang='grc' dir='ltr'>ἀνάστατον</span> <span class='ocrx_word' id='word_1_7' title='bbox 865 311 1033 353; x_wconf 87' lang='grc' dir='ltr'>γίνεσθαι</span> <span class='ocrx_word' id='word_1_8' title='bbox 1059 311 1127 345; x_wconf 84' lang='grc' dir='ltr'>τὸν</span> <span class='ocrx_word' id='word_1_9' title='bbox 1155 312 1270 352; x_wconf 86' lang='grc' dir='ltr'>ὄγκον</span> <span class='ocrx_word' id='word_1_10' title='bbox 1297 312 1425 356; x_wconf 84' lang='grc' dir='ltr'>ὥσπερ</span> <span class='ocrx_word' id='word_1_11' title='bbox 1453 314 1557 348; x_wconf 89' lang='grc' dir='ltr'>οἶκον</span> <span class='ocrx_word' id='word_1_12' title='bbox 1585 315 1625 347; x_wconf 83' lang='grc' dir='ltr'>ἑκ</span> <span class='ocrx_word' id='word_1_13' title='bbox 1652 317 1709 347; x_wconf 84' lang='grc' dir='ltr'>Θε-</span> 
     </span>
    </p>
   </div>
   <div class='ocr_carea' id='block_1_3' title="bbox 242 376 1710 426">
    <p class='ocr_par' dir='ltr' id='par_1_3' title="bbox 242 376 1710 426">
     <span class='ocr_line' id='line_1_3' title="bbox 242 376 1710 426; baseline 0 -15"><span class='ocrx_word' id='word_1_14' title='bbox 242 423 243 426; x_wconf 14' lang='grc' dir='ltr'><strong>Ὶ</strong></span> <span class='ocrx_word' id='word_1_15' title='bbox 298 377 433 418; x_wconf 92' lang='grc' dir='ltr'>μελίων</span> <span class='ocrx_word' id='word_1_16' title='bbox 461 378 699 418; x_wconf 83' lang='grc' dir='ltr'>κινούμενον·</span> <span class='ocrx_word' id='word_1_17' title='bbox 741 377 830 411; x_wconf 81' lang='grc' dir='ltr'>οὐδὲ</span> <span class='ocrx_word' id='word_1_18' title='bbox 857 376 930 419; x_wconf 87' lang='grc' dir='ltr'>γὰρ</span> <span class='ocrx_word' id='word_1_19' title='bbox 957 376 998 411; x_wconf 83' lang='grc' dir='ltr'>εὖ</span> <span class='ocrx_word' id='word_1_20' title='bbox 1024 376 1101 419; x_wconf 82' lang='grc' dir='ltr'>ῥεῖν</span> <span class='ocrx_word' id='word_1_21' title='bbox 1127 379 1335 418; x_wconf 82' lang='grc' dir='ltr'>τηνικαῦτα</span> <span class='ocrx_word' id='word_1_22' title='bbox 1360 377 1432 419; x_wconf 82' lang='grc' dir='ltr'>τὴν</span> <span class='ocrx_word' id='word_1_23' title='bbox 1456 377 1586 420; x_wconf 87' lang='grc' dir='ltr'>γονήν,</span> <span class='ocrx_word' id='word_1_24' title='bbox 1615 387 1710 420; x_wconf 88' lang='grc' dir='ltr'>σφη-</span> 
     </span>
    </p>
   </div>
   <div class='ocr_carea' id='block_1_4' title="bbox 209 1492 276 1527">
    <p class='ocr_par' dir='ltr' id='par_1_4' title="bbox 209 1492 276 1527">
     <span class='ocr_line' id='line_1_4' title="bbox 209 1492 276 1527; baseline -0.015 0"><span class='ocrx_word' id='word_1_25' title='bbox 209 1492 276 1527; x_wconf 85' lang='grc'>62*</span> 
     </span>
    </p>
   </div>
   <div class='ocr_carea' id='block_1_5' title="bbox 296 432 1714 934">
    <p class='ocr_par' dir='ltr' id='par_1_5' title="bbox 296 432 1712 742">
     <span class='ocr_line' id='line_1_5' title="bbox 296 432 1711 484; baseline 0 -10"><span class='ocrx_word' id='word_1_26' title='bbox 296 442 451 482; x_wconf 82' lang='grc' dir='ltr'>νώσεως</span> <span class='ocrx_word' id='word_1_27' title='bbox 483 442 543 475; x_wconf 85' lang='grc' dir='ltr'>διὰ</span> <span class='ocrx_word' id='word_1_28' title='bbox 575 442 645 482; x_wconf 87' lang='grc' dir='ltr'>τὴν</span> <span class='ocrx_word' id='word_1_29' title='bbox 672 441 894 483; x_wconf 82' lang='grc' dir='ltr'>πλησμονὴν</span> <span class='ocrx_word' id='word_1_30' title='bbox 928 440 1056 482; x_wconf 84' lang='grc' dir='ltr'>οὔσης,</span> <span class='ocrx_word' id='word_1_31' title='bbox 1096 440 1189 474; x_wconf 87' lang='grc' dir='ltr'>ἀλλὰ</span> <span class='ocrx_word' id='word_1_32' title='bbox 1217 439 1276 483; x_wconf 86' lang='grc' dir='ltr'>βίᾳ</span> <span class='ocrx_word' id='word_1_33' title='bbox 1303 441 1362 474; x_wconf 78' lang='grc' dir='ltr'>καὶ</span> <span class='ocrx_word' id='word_1_34' title='bbox 1389 432 1711 484; x_wconf 71' lang='grc' dir='ltr'>συμπεφυρμένην</span> 
     </span>
     <span class='ocr_line' id='line_1_6' title="bbox 297 503 1710 548; baseline 0 -9"><span class='ocrx_word' id='word_1_35' title='bbox 297 506 559 540; x_wconf 79' lang='grc' dir='ltr'>ἀποσπᾶσθαι’</span> <span class='ocrx_word' id='word_1_36' title='bbox 601 506 658 538; x_wconf 88' lang='grc' dir='ltr'>διὸ</span> <span class='ocrx_word' id='word_1_37' title='bbox 684 503 818 548; x_wconf 80' lang='grc' dir='ltr'>χρῆναί</span> <span class='ocrx_word' id='word_1_38' title='bbox 844 513 962 547; x_wconf 85' lang='grc' dir='ltr'>φησιν</span> <span class='ocrx_word' id='word_1_39' title='bbox 989 506 1010 538; x_wconf 85' lang='grc' dir='ltr'>ὁ</span> <span class='ocrx_word' id='word_1_40' title='bbox 1033 504 1139 547; x_wconf 86' lang='grc' dir='ltr'>ἀνήρ,</span> <span class='ocrx_word' id='word_1_41' title='bbox 1167 504 1259 538; x_wconf 86' lang='grc' dir='ltr'>ὅταν</span> <span class='ocrx_word' id='word_1_42' title='bbox 1285 503 1421 547; x_wconf 86' lang='grc' dir='ltr'>ἡσυχία</span> <span class='ocrx_word' id='word_1_43' title='bbox 1446 506 1600 547; x_wconf 87' lang='grc' dir='ltr'>γένηται</span> <span class='ocrx_word' id='word_1_44' title='bbox 1627 508 1710 548; x_wconf 84' lang='grc' dir='ltr'>περὶ</span> 
     </span>
     <span class='ocr_line' id='line_1_7' title="bbox 297 568 1712 612; baseline 0.001 -9"><span class='ocrx_word' id='word_1_45' title='bbox 297 571 341 603; x_wconf 84' lang='grc' dir='ltr'>τὸ</span> <span class='ocrx_word' id='word_1_46' title='bbox 369 572 478 611; x_wconf 85' lang='grc' dir='ltr'>σῶμα</span> <span class='ocrx_word' id='word_1_47' title='bbox 505 570 563 604; x_wconf 77' lang='grc' dir='ltr'>καὶ</span> <span class='ocrx_word' id='word_1_48' title='bbox 592 570 824 611; x_wconf 80' lang='grc' dir='ltr'>λωφήσωσιν</span> <span class='ocrx_word' id='word_1_49' title='bbox 851 569 889 603; x_wconf 82' lang='grc' dir='ltr'>αἱ</span> <span class='ocrx_word' id='word_1_50' title='bbox 915 570 983 610; x_wconf 86' lang='grc' dir='ltr'>τῆς</span> <span class='ocrx_word' id='word_1_51' title='bbox 1009 571 1155 611; x_wconf 80' lang='grc' dir='ltr'>τροφῆς</span> <span class='ocrx_word' id='word_1_52' title='bbox 1173 568 1371 610; x_wconf 85' lang='grc' dir='ltr'>ἀναδόσεις</span> <span class='ocrx_word' id='word_1_53' title='bbox 1398 570 1522 603; x_wconf 78' lang='grc' dir='ltr'>καὶτὰ</span> <span class='ocrx_word' id='word_1_54' title='bbox 1545 571 1712 612; x_wconf 75' lang='grc' dir='ltr'>ῥεύματα</span> 
     </span>
     <span class='ocr_line' id='line_1_8' title="bbox 299 633 1712 677; baseline 0.001 -10"><span class='ocrx_word' id='word_1_55' title='bbox 299 634 506 677; x_wconf 81' lang='grc' dir='ltr'>διεξιούσης</span> <span class='ocrx_word' id='word_1_56' title='bbox 533 635 592 668; x_wconf 77' lang='grc' dir='ltr'>καί</span> <span class='ocrx_word' id='word_1_57' title='bbox 619 634 852 676; x_wconf 81' lang='grc' dir='ltr'>σφυδούσης,</span> <span class='ocrx_word' id='word_1_58' title='bbox 892 633 939 667; x_wconf 79' lang='grc' dir='ltr'>τὰ</span> <span class='ocrx_word' id='word_1_59' title='bbox 966 636 1125 667; x_wconf 81' lang='grc' dir='ltr'>τοιαῦτα</span> <span class='ocrx_word' id='word_1_60' title='bbox 1156 633 1344 676; x_wconf 84' lang='grc' dir='ltr'>πράττειν,</span> <span class='ocrx_word' id='word_1_61' title='bbox 1384 635 1471 677; x_wconf 86' lang='grc' dir='ltr'>πρὶν</span> <span class='ocrx_word' id='word_1_62' title='bbox 1504 635 1635 677; x_wconf 86' lang='grc' dir='ltr'>ἑτέρας</span> <span class='ocrx_word' id='word_1_63' title='bbox 1665 636 1712 669; x_wconf 75' lang='grc' dir='ltr'>αὑ</span> 
     </span>
     <span class='ocr_line' id='line_1_9' title="bbox 297 698 1150 742; baseline -0.001 -10"><span class='ocrx_word' id='word_1_64' title='bbox 297 699 408 732; x_wconf 82' lang='grc' dir='ltr'>πάλιν</span> <span class='ocrx_word' id='word_1_65' title='bbox 435 700 582 742; x_wconf 69' lang='grc' dir='ltr'>τροφῆς</span> <span class='ocrx_word' id='word_1_66' title='bbox 608 698 732 738; x_wconf 83' lang='grc' dir='ltr'>ἐνδεὲς</span> <span class='ocrx_word' id='word_1_67' title='bbox 757 699 932 739; x_wconf 87' lang='grc' dir='ltr'>γενέσθαι</span> <span class='ocrx_word' id='word_1_68' title='bbox 958 698 1003 732; x_wconf 88' lang='grc' dir='ltr'>τὸ</span> <span class='ocrx_word' id='word_1_69' title='bbox 1031 700 1150 739; x_wconf 84' lang='grc' dir='ltr'>σῶμα.</span> 
     </span>
    </p>

    <p class='ocr_par' dir='ltr' id='par_1_6' title="bbox 298 760 1714 934">
     <span class='ocr_line' id='line_1_10' title="bbox 298 760 1714 806; baseline 0.001 -10"><span class='ocrx_word' id='word_1_70' title='bbox 298 790 417 796; x_wconf 91' lang='grc'><em>.....</em></span> <span class='ocrx_word' id='word_1_71' title='bbox 446 763 484 805; x_wconf 64' lang='grc'>(4</span> <span class='ocrx_word' id='word_1_72' title='bbox 510 774 543 805; x_wconf 87' lang='lat' dir='ltr'>p.</span> <span class='ocrx_word' id='word_1_73' title='bbox 564 760 669 805; x_wconf 69' lang='lat'>654⁶)</span> <span class='ocrx_word' id='word_1_74' title='bbox 708 764 910 803; x_wconf 86' lang='grc' dir='ltr'>σκοπῶμεν</span> <span class='ocrx_word' id='word_1_75' title='bbox 937 761 1017 803; x_wconf 86' lang='grc' dir='ltr'>οὖν,</span> <span class='ocrx_word' id='word_1_76' title='bbox 1058 762 1090 795; x_wconf 89' lang='grc' dir='ltr'>εἰ</span> <span class='ocrx_word' id='word_1_77' title='bbox 1117 762 1230 804; x_wconf 86' lang='grc' dir='ltr'>δοκεῖ,</span> <span class='ocrx_word' id='word_1_78' title='bbox 1269 762 1434 806; x_wconf 84' lang='grc' dir='ltr'>πότερον</span> <span class='ocrx_word' id='word_1_79' title='bbox 1460 763 1629 804; x_wconf 77' lang='grc' dir='ltr'>ἐμμελῶς</span> <span class='ocrx_word' id='word_1_80' title='bbox 1654 765 1714 797; x_wconf 85' lang='grc' dir='ltr'>καὶ</span> 
     </span>
     <span class='ocr_line' id='line_1_11' title="bbox 298 825 1714 870; baseline 0.001 -10"><span class='ocrx_word' id='word_1_81' title='bbox 298 826 571 869; x_wconf 87' lang='grc' dir='ltr'>προσηκόντως</span> <span class='ocrx_word' id='word_1_82' title='bbox 589 826 608 859; x_wconf 89' lang='grc' dir='ltr'>ὁ</span> <span class='ocrx_word' id='word_1_83' title='bbox 629 825 845 868; x_wconf 83' lang='grc' dir='ltr'>Ἐπίκουρος</span> <span class='ocrx_word' id='word_1_84' title='bbox 874 826 893 867; x_wconf 80' lang='grc' dir='ltr'>ἢ</span> <span class='ocrx_word' id='word_1_85' title='bbox 921 826 1024 868; x_wconf 87' lang='grc' dir='ltr'>παρὰ</span> <span class='ocrx_word' id='word_1_86' title='bbox 1050 827 1125 859; x_wconf 83' lang='grc' dir='ltr'>πᾶν</span> <span class='ocrx_word' id='word_1_87' title='bbox 1153 825 1296 860; x_wconf 91' lang='grc' dir='ltr'>δίκαιον</span> <span class='ocrx_word' id='word_1_88' title='bbox 1324 825 1474 869; x_wconf 83' lang='grc' dir='ltr'>ἀφαιρεῖ</span> <span class='ocrx_word' id='word_1_89' title='bbox 1492 827 1562 868; x_wconf 82' lang='grc' dir='ltr'>τὴν</span> <span class='ocrx_word' id='word_1_90' title='bbox 1581 827 1714 870; x_wconf 77' lang='grc' dir='ltr'>Ἀφρο-</span> 
     </span>
     <span class='ocr_line' id='line_1_12' title="bbox 300 890 1714 934; baseline 0.001 -9"><span class='ocrx_word' id='word_1_91' title='bbox 300 891 406 934; x_wconf 83' lang='grc' dir='ltr'>δίτην</span> <span class='ocrx_word' id='word_1_92' title='bbox 433 893 501 932; x_wconf 82' lang='grc' dir='ltr'>τῆς</span> <span class='ocrx_word' id='word_1_93' title='bbox 525 891 672 931; x_wconf 83' lang='grc' dir='ltr'>νυκτός.</span> <span class='ocrx_word' id='word_1_94' title='bbox 733 917 851 924; x_wconf 88' lang='grc'>.....</span> <span class='ocrx_word' id='word_1_95' title='bbox 888 894 936 933; x_wconf 84' lang='lat' dir='ltr'>(p.</span> <span class='ocrx_word' id='word_1_96' title='bbox 956 890 1061 934; x_wconf 77' lang='lat'>655⁸)</span> <span class='ocrx_word' id='word_1_97' title='bbox 1094 891 1153 924; x_wconf 79' lang='grc' dir='ltr'>καὶ</span> <span class='ocrx_word' id='word_1_98' title='bbox 1186 891 1259 933; x_wconf 81' lang='grc' dir='ltr'>μὴν</span> <span class='ocrx_word' id='word_1_99' title='bbox 1293 891 1382 926; x_wconf 78' lang='grc' dir='ltr'>οὐδὲ</span> <span class='ocrx_word' id='word_1_100' title='bbox 1413 891 1458 924; x_wconf 90' lang='grc' dir='ltr'>τὸ</span> <span class='ocrx_word' id='word_1_101' title='bbox 1490 893 1597 933; x_wconf 83' lang='grc' dir='ltr'>σῶμα</span> <span class='ocrx_word' id='word_1_102' title='bbox 1632 892 1714 933; x_wconf 87' lang='grc' dir='ltr'>βλά-</span> 
     </span>
    </p>
   </div>
   <div class='ocr_carea' id='block_1_6' title="bbox 1743 901 1772 925">
    <p class='ocr_par' dir='ltr' id='par_1_7' title="bbox 1743 901 1772 925">
     <span class='ocr_line' id='line_1_13' title="bbox 1743 901 1772 925; baseline 0.034 -1"><span class='ocrx_word' id='word_1_103' title='bbox 1743 901 1772 925; x_wconf 84' lang='grc'>10</span> 
     </span>
    </p>
   </div>
   <div class='ocr_carea' id='block_1_7' title="bbox 298 954 1785 999">
    <p class='ocr_par' dir='ltr' id='par_1_8' title="bbox 298 954 1785 999">
     <span class='ocr_line' id='line_1_14' title="bbox 298 954 1785 999; baseline 0 -10"><span class='ocrx_word' id='word_1_104' title='bbox 298 955 420 989; x_wconf 77' lang='grc' dir='ltr'>πτοιτ’</span> <span class='ocrx_word' id='word_1_105' title='bbox 451 956 496 988; x_wconf 74' lang='grc' dir='ltr'>ἂν</span> <span class='ocrx_word' id='word_1_106' title='bbox 523 955 598 989; x_wconf 84' lang='grc' dir='ltr'>ὑπὸ</span> <span class='ocrx_word' id='word_1_107' title='bbox 624 957 692 996; x_wconf 83' lang='grc' dir='ltr'>τῆς</span> <span class='ocrx_word' id='word_1_108' title='bbox 718 954 921 996; x_wconf 80' lang='grc' dir='ltr'>συνουσίας</span> <span class='ocrx_word' id='word_1_109' title='bbox 950 957 1101 997; x_wconf 85' lang='grc' dir='ltr'>μᾶλλον,</span> <span class='ocrx_word' id='word_1_110' title='bbox 1143 955 1194 996; x_wconf 81' lang='grc' dir='ltr'>ὡς</span> <span class='ocrx_word' id='word_1_111' title='bbox 1220 954 1436 998; x_wconf 82' lang='grc' dir='ltr'>Ἐπίκουρος</span> <span class='ocrx_word' id='word_1_112' title='bbox 1461 955 1590 997; x_wconf 81' lang='grc' dir='ltr'>οἴεται,</span> <span class='ocrx_word' id='word_1_113' title='bbox 1623 956 1716 997; x_wconf 89' lang='grc' dir='ltr'>μετὰ</span> <span class='ocrx_word' id='word_1_114' title='bbox 1781 997 1785 999; x_wconf 28' lang='lat'><strong>¹</strong></span> 
     </span>
    </p>
   </div>
   <div class='ocr_carea' id='block_1_8' title="bbox 298 1019 1717 1449">
    <p class='ocr_par' dir='ltr' id='par_1_9' title="bbox 298 1019 1717 1449">
     <span class='ocr_line' id='line_1_15' title="bbox 298 1019 1717 1062; baseline -0.001 -9"><span class='ocrx_word' id='word_1_115' title='bbox 298 1021 342 1053; x_wconf 81' lang='grc' dir='ltr'>τὸ</span> <span class='ocrx_word' id='word_1_116' title='bbox 371 1021 535 1061; x_wconf 72' lang='grc' dir='ltr'>δεῖπνον,</span> <span class='ocrx_word' id='word_1_117' title='bbox 575 1020 621 1053; x_wconf 87' lang='grc' dir='ltr'>ἀν</span> <span class='ocrx_word' id='word_1_118' title='bbox 656 1030 697 1060; x_wconf 86' lang='grc' dir='ltr'>γε</span> <span class='ocrx_word' id='word_1_119' title='bbox 732 1020 781 1061; x_wconf 81' lang='grc' dir='ltr'>μὴ</span> <span class='ocrx_word' id='word_1_120' title='bbox 809 1019 959 1060; x_wconf 85' lang='grc' dir='ltr'>μεθύων</span> <span class='ocrx_word' id='word_1_121' title='bbox 991 1030 1047 1060; x_wconf 88' lang='grc' dir='ltr'>τις</span> <span class='ocrx_word' id='word_1_122' title='bbox 1073 1019 1096 1061; x_wconf 86' lang='grc' dir='ltr'>ἢ</span> <span class='ocrx_word' id='word_1_123' title='bbox 1124 1020 1357 1062; x_wconf 82' lang='grc' dir='ltr'>ῥηγνύμενος</span> <span class='ocrx_word' id='word_1_124' title='bbox 1389 1020 1463 1054; x_wconf 80' lang='grc' dir='ltr'>ὑπὸ</span> <span class='ocrx_word' id='word_1_125' title='bbox 1496 1021 1717 1062; x_wconf 86' lang='grc' dir='ltr'>πλησμονῆς</span> 
     </span>
     <span class='ocr_line' id='line_1_16' title="bbox 299 1083 1716 1127; baseline -0.001 -8"><span class='ocrx_word' id='word_1_126' title='bbox 299 1085 463 1127; x_wconf 85' lang='grc' dir='ltr'>ἅπτηται</span> <span class='ocrx_word' id='word_1_127' title='bbox 480 1083 584 1127; x_wconf 57' lang='lat' dir='ltr'>(xus)</span> <span class='ocrx_word' id='word_1_128' title='bbox 601 1084 874 1126; x_wconf 85' lang='grc' dir='ltr'>βεβαρημένος·</span> <span class='ocrx_word' id='word_1_129' title='bbox 901 1083 1028 1125; x_wconf 88' lang='grc' dir='ltr'>ἀμέλει</span> <span class='ocrx_word' id='word_1_130' title='bbox 1047 1084 1118 1127; x_wconf 86' lang='grc' dir='ltr'>γὰρ</span> <span class='ocrx_word' id='word_1_131' title='bbox 1137 1084 1260 1125; x_wconf 87' lang='grc' dir='ltr'>οὕτως</span> <span class='ocrx_word' id='word_1_132' title='bbox 1279 1084 1483 1126; x_wconf 82' lang='grc' dir='ltr'>ἐπισφαλὲς</span> <span class='ocrx_word' id='word_1_133' title='bbox 1500 1084 1545 1118; x_wconf 89' lang='grc' dir='ltr'>τὸ</span> <span class='ocrx_word' id='word_1_134' title='bbox 1564 1086 1716 1127; x_wconf 84' lang='grc' dir='ltr'>πρᾶγμα</span> 
     </span>
     <span class='ocr_line' id='line_1_17' title="bbox 300 1147 1715 1192; baseline 0 -11"><span class='ocrx_word' id='word_1_135' title='bbox 300 1150 360 1182; x_wconf 86' lang='grc' dir='ltr'>καὶ</span> <span class='ocrx_word' id='word_1_136' title='bbox 388 1149 576 1191; x_wconf 82' lang='grc' dir='ltr'>βλαβερόν.</span> <span class='ocrx_word' id='word_1_137' title='bbox 620 1148 664 1181; x_wconf 86' lang='grc' dir='ltr'>ἂν</span> <span class='ocrx_word' id='word_1_138' title='bbox 693 1149 734 1182; x_wconf 86' lang='grc' dir='ltr'>δέ</span> <span class='ocrx_word' id='word_1_139' title='bbox 762 1147 900 1188; x_wconf 79' lang='grc' dir='ltr'>ἱκανῶς</span> <span class='ocrx_word' id='word_1_140' title='bbox 925 1148 1024 1191; x_wconf 82' lang='grc' dir='ltr'>ἔχων</span> <span class='ocrx_word' id='word_1_141' title='bbox 1050 1159 1105 1189; x_wconf 91' lang='grc' dir='ltr'>τις</span> <span class='ocrx_word' id='word_1_142' title='bbox 1132 1148 1251 1182; x_wconf 82' lang='grc' dir='ltr'>αὑτοῦ</span> <span class='ocrx_word' id='word_1_143' title='bbox 1277 1149 1336 1182; x_wconf 83' lang='grc' dir='ltr'>καὶ</span> <span class='ocrx_word' id='word_1_144' title='bbox 1363 1148 1522 1192; x_wconf 84' lang='grc' dir='ltr'>μετρίως</span> <span class='ocrx_word' id='word_1_145' title='bbox 1548 1150 1715 1191; x_wconf 85' lang='grc' dir='ltr'>διακεχυ-</span> 
     </span>
     <span class='ocr_line' id='line_1_18' title="bbox 301 1213 1717 1255; baseline -0.001 -8"><span class='ocrx_word' id='word_1_146' title='bbox 301 1213 411 1254; x_wconf 81' lang='grc' dir='ltr'>μένος</span> <span class='ocrx_word' id='word_1_147' title='bbox 443 1216 512 1247; x_wconf 84' lang='grc' dir='ltr'>τοῡ</span> <span class='ocrx_word' id='word_1_148' title='bbox 537 1223 579 1247; x_wconf 87' lang='grc' dir='ltr'>τε</span> <span class='ocrx_word' id='word_1_149' title='bbox 606 1213 783 1254; x_wconf 85' lang='grc' dir='ltr'>σώματος</span> <span class='ocrx_word' id='word_1_150' title='bbox 815 1213 933 1247; x_wconf 80' lang='grc' dir='ltr'>αὐτοῦ</span> <span class='ocrx_word' id='word_1_151' title='bbox 967 1215 1137 1255; x_wconf 84' lang='grc' dir='ltr'>μαλακοῦ</span> <span class='ocrx_word' id='word_1_152' title='bbox 1169 1213 1374 1255; x_wconf 82' lang='grc' dir='ltr'>γεγονότος</span> <span class='ocrx_word' id='word_1_153' title='bbox 1409 1214 1469 1246; x_wconf 79' lang='grc' dir='ltr'>καὶ</span> <span class='ocrx_word' id='word_1_154' title='bbox 1502 1214 1569 1254; x_wconf 80' lang='grc' dir='ltr'>τῆς</span> <span class='ocrx_word' id='word_1_155' title='bbox 1594 1215 1717 1255; x_wconf 82' lang='grc' dir='ltr'>ψυχῆς</span> 
     </span>
     <span class='ocr_line' id='line_1_19' title="bbox 300 1277 1716 1320; baseline 0 -10"><span class='ocrx_word' id='word_1_156' title='bbox 300 1277 551 1320; x_wconf 83' lang='grc' dir='ltr'>παρεστώσης</span> <span class='ocrx_word' id='word_1_157' title='bbox 577 1277 637 1310; x_wconf 84' lang='grc' dir='ltr'>διὰ</span> <span class='ocrx_word' id='word_1_158' title='bbox 656 1277 796 1320; x_wconf 86' lang='grc' dir='ltr'>χρόνου</span> <span class='ocrx_word' id='word_1_159' title='bbox 822 1280 977 1319; x_wconf 79' lang='grc' dir='ltr'>ποιῆται</span> <span class='ocrx_word' id='word_1_160' title='bbox 1004 1278 1073 1320; x_wconf 85' lang='grc' dir='ltr'>τὴν</span> <span class='ocrx_word' id='word_1_161' title='bbox 1101 1279 1276 1320; x_wconf 82' lang='grc' dir='ltr'>ἔντευξιν,</span> <span class='ocrx_word' id='word_1_162' title='bbox 1306 1279 1394 1312; x_wconf 83' lang='grc' dir='ltr'>οὔτε</span> <span class='ocrx_word' id='word_1_163' title='bbox 1413 1278 1582 1320; x_wconf 79' lang='grc' dir='ltr'>ταραχὴν</span> <span class='ocrx_word' id='word_1_164' title='bbox 1605 1277 1716 1320; x_wconf 86' lang='grc' dir='ltr'>ἀπερ-</span> 
     </span>
     <span class='ocr_line' id='line_1_20' title="bbox 301 1340 1716 1385; baseline 0 -10"><span class='ocrx_word' id='word_1_165' title='bbox 301 1342 452 1382; x_wconf 82' lang='grc' dir='ltr'>γάζεται</span> <span class='ocrx_word' id='word_1_166' title='bbox 479 1341 645 1383; x_wconf 80' lang='grc' dir='ltr'>μεγάλην</span> <span class='ocrx_word' id='word_1_167' title='bbox 670 1341 730 1375; x_wconf 81' lang='grc' dir='ltr'>διὰ</span> <span class='ocrx_word' id='word_1_168' title='bbox 755 1341 823 1374; x_wconf 86' lang='grc' dir='ltr'>τὸν</span> <span class='ocrx_word' id='word_1_169' title='bbox 851 1342 967 1382; x_wconf 82' lang='grc' dir='ltr'>ὄγκον</span> <span class='ocrx_word' id='word_1_170' title='bbox 993 1340 1074 1376; x_wconf 81' lang='grc' dir='ltr'>οὔτ’</span> <span class='ocrx_word' id='word_1_171' title='bbox 1101 1342 1148 1376; x_wconf 85' lang='grc' dir='ltr'>αὖ</span> <span class='ocrx_word' id='word_1_172' title='bbox 1175 1352 1279 1383; x_wconf 82' lang='grc' dir='ltr'>τινας</span> <span class='ocrx_word' id='word_1_173' title='bbox 1304 1342 1327 1384; x_wconf 89' lang='grc' dir='ltr'>ἢ</span> <span class='ocrx_word' id='word_1_174' title='bbox 1354 1343 1505 1385; x_wconf 83' lang='grc' dir='ltr'>σφύξεις</span> <span class='ocrx_word' id='word_1_175' title='bbox 1531 1343 1553 1384; x_wconf 76' lang='grc' dir='ltr'><strong>ἢ</strong></span> <span class='ocrx_word' id='word_1_176' title='bbox 1582 1352 1716 1382; x_wconf 87' lang='grc' dir='ltr'>μετα-</span> 
     </span>
     <span class='ocr_line' id='line_1_21' title="bbox 301 1405 1372 1449; baseline 0 -9"><span class='ocrx_word' id='word_1_177' title='bbox 301 1406 451 1446; x_wconf 80' lang='grc' dir='ltr'>θέσεις</span> <span class='ocrx_word' id='word_1_178' title='bbox 477 1406 521 1440; x_wconf 80' lang='grc' dir='ltr'>ἑξ</span> <span class='ocrx_word' id='word_1_179' title='bbox 548 1406 686 1448; x_wconf 79' lang='grc' dir='ltr'>ἕδρας</span> <span class='ocrx_word' id='word_1_180' title='bbox 713 1405 919 1448; x_wconf 84' lang='grc' dir='ltr'>ἀτόμων,</span> <span class='ocrx_word' id='word_1_181' title='bbox 951 1407 973 1449; x_wconf 88' lang='grc' dir='ltr'>ῇ</span> <span class='ocrx_word' id='word_1_182' title='bbox 1000 1415 1118 1449; x_wconf 90' lang='grc' dir='ltr'>φησιν</span> <span class='ocrx_word' id='word_1_183' title='bbox 1144 1406 1372 1449; x_wconf 85' lang='grc' dir='ltr'>Ἐπίκουρος.</span> 
     </span>
    </p>
   </div>
   <div class='ocr_carea' id='block_1_9' title="bbox 302 1480 1719 2310">
    <p class='ocr_par' dir='ltr' id='par_1_10' title="bbox 302 1480 1719 2310">
     <span class='ocr_line' id='line_1_22' title="bbox 414 1480 1715 1534; baseline 0.001 -12"><span class='ocrx_word' id='word_1_184' title='bbox 414 1480 646 1532; x_wconf 72' lang='grc' dir='ltr'>“συνουσίη</span> <span class='ocrx_word' id='word_1_185' title='bbox 686 1482 831 1532; x_wconf 81' lang='grc' dir='ltr'>ὢνησε</span> <span class='ocrx_word' id='word_1_186' title='bbox 872 1483 950 1532; x_wconf 79' lang='grc' dir='ltr'>μὲν</span> <span class='ocrx_word' id='word_1_187' title='bbox 988 1482 1212 1534; x_wconf 82' lang='grc' dir='ltr'>οὐδέποτε,</span> <span class='ocrx_word' id='word_1_188' title='bbox 1259 1482 1485 1532; x_wconf 80' lang='grc' dir='ltr'>ἀγαπητὸν</span> <span class='ocrx_word' id='word_1_189' title='bbox 1526 1480 1562 1524; x_wconf 82' lang='grc' dir='ltr'>δ’</span> <span class='ocrx_word' id='word_1_190' title='bbox 1595 1481 1630 1523; x_wconf 86' lang='grc' dir='ltr'>εἰ</span> <span class='ocrx_word' id='word_1_191' title='bbox 1662 1482 1715 1533; x_wconf 85' lang='grc' dir='ltr'>μὴ</span> 
     </span>
     <span class='ocr_line' id='line_1_23' title="bbox 302 1547 496 1600; baseline -0.005 -11"><span class='ocrx_word' id='word_1_192' title='bbox 302 1547 496 1600; x_wconf 73' lang='grc' dir='ltr'>ἕβλαψε’.</span> 
     </span>
     <span class='ocr_line' id='line_1_24' title="bbox 302 1619 1716 1665; baseline 0.001 -11"><span class='ocrx_word' id='word_1_193' title='bbox 302 1620 497 1654; x_wconf 57' lang='lat' dir='ltr'>Limam-s</span> <span class='ocrx_word' id='word_1_194' title='bbox 514 1619 669 1654; x_wconf 80' lang='lat' dir='ltr'>I)100.x</span> <span class='ocrx_word' id='word_1_195' title='bbox 690 1622 755 1655; x_wconf 81' lang='grc'>118</span> <span class='ocrx_word' id='word_1_196' title='bbox 782 1621 1043 1664; x_wconf 77' lang='grc' dir='ltr'>’συνουσίη’</span> <span class='ocrx_word' id='word_1_197' title='bbox 1062 1622 1102 1657; x_wconf 80' lang='grc' dir='ltr'>δὲ</span> <span class='ocrx_word' id='word_1_198' title='bbox 1121 1621 1237 1665; x_wconf 84' lang='grc' dir='ltr'>φασίν</span> <span class='ocrx_word' id='word_1_199' title='bbox 1256 1621 1424 1664; x_wconf 74' lang='grc' dir='ltr'>“ὡνησε</span> <span class='ocrx_word' id='word_1_200' title='bbox 1445 1649 1450 1655; x_wconf 97' lang='grc'><em>.</em></span> <span class='ocrx_word' id='word_1_201' title='bbox 1469 1649 1475 1655; x_wconf 96' lang='grc'><strong><em>.</em></strong></span> <span class='ocrx_word' id='word_1_202' title='bbox 1493 1649 1500 1655; x_wconf 94' lang='grc'><strong>.</strong></span> <span class='ocrx_word' id='word_1_203' title='bbox 1520 1622 1716 1664; x_wconf 78' lang='grc' dir='ltr'>ἐβλαψε’.</span> 
     </span>
     <span class='ocr_line' id='line_1_25' title="bbox 302 1685 1718 1730; baseline 0.001 -11"><span class='ocrx_word' id='word_1_204' title='bbox 302 1685 483 1719; x_wconf 71' lang='lat' dir='ltr'><strong>CLEMENS</strong></span> <span class='ocrx_word' id='word_1_205' title='bbox 512 1686 707 1719; x_wconf 75' lang='lat' dir='ltr'>Alexandr.</span> <span class='ocrx_word' id='word_1_206' title='bbox 734 1687 884 1728; x_wconf 84' lang='lat' dir='ltr'>paedag.</span> <span class='ocrx_word' id='word_1_207' title='bbox 912 1694 941 1719; x_wconf 87' lang='lat'>11</span> <span class='ocrx_word' id='word_1_208' title='bbox 969 1686 1012 1719; x_wconf 89' lang='lat'>10</span> <span class='ocrx_word' id='word_1_209' title='bbox 1038 1696 1071 1729; x_wconf 89' lang='lat' dir='ltr'>p.</span> <span class='ocrx_word' id='word_1_210' title='bbox 1092 1687 1150 1729; x_wconf 75' lang='lat'>84,</span> <span class='ocrx_word' id='word_1_211' title='bbox 1170 1688 1212 1720; x_wconf 82' lang='grc'>41</span> <span class='ocrx_word' id='word_1_212' title='bbox 1259 1686 1302 1720; x_wconf 81' lang='grc' dir='ltr'>εὖ</span> <span class='ocrx_word' id='word_1_213' title='bbox 1328 1689 1421 1727; x_wconf 84' lang='grc' dir='ltr'>γοῦν</span> <span class='ocrx_word' id='word_1_214' title='bbox 1449 1697 1504 1728; x_wconf 88' lang='grc' dir='ltr'>τις</span> <span class='ocrx_word' id='word_1_215' title='bbox 1531 1686 1718 1730; x_wconf 82' lang='grc' dir='ltr'>εἰρηκέναι</span> 
     </span>
     <span class='ocr_line' id='line_1_26' title="bbox 302 1749 1716 1794; baseline 0.001 -10"><span class='ocrx_word' id='word_1_216' title='bbox 302 1751 475 1793; x_wconf 86' lang='grc' dir='ltr'>φέρεται·</span> <span class='ocrx_word' id='word_1_217' title='bbox 504 1749 687 1784; x_wconf 83' lang='grc' dir='ltr'>συνουσία</span> <span class='ocrx_word' id='word_1_218' title='bbox 714 1750 841 1793; x_wconf 80' lang='grc' dir='ltr'>ὤνησε</span> <span class='ocrx_word' id='word_1_219' title='bbox 869 1751 935 1792; x_wconf 87' lang='grc' dir='ltr'>μὲν</span> <span class='ocrx_word' id='word_1_220' title='bbox 962 1750 1112 1793; x_wconf 72' lang='grc' dir='ltr'>οὐδένα,</span> <span class='ocrx_word' id='word_1_221' title='bbox 1140 1751 1339 1794; x_wconf 86' lang='grc' dir='ltr'>ἀγαπητὸν</span> <span class='ocrx_word' id='word_1_222' title='bbox 1359 1752 1399 1786; x_wconf 80' lang='grc' dir='ltr'>δὲ</span> <span class='ocrx_word' id='word_1_223' title='bbox 1418 1750 1449 1786; x_wconf 89' lang='grc' dir='ltr'>εἰ</span> <span class='ocrx_word' id='word_1_224' title='bbox 1468 1751 1517 1793; x_wconf 86' lang='grc' dir='ltr'>μὴ</span> <span class='ocrx_word' id='word_1_225' title='bbox 1542 1751 1716 1793; x_wconf 78' lang='grc' dir='ltr'>ἔβλαψεν.</span> 
     </span>
     <span class='ocr_line' id='line_1_27' title="bbox 302 1814 1718 1859; baseline 0.001 -11"><span class='ocrx_word' id='word_1_226' title='bbox 302 1814 550 1849; x_wconf 66' lang='grc' dir='ltr'>Ροῐινιιϊιιιιέ</span> <span class='ocrx_word' id='word_1_227' title='bbox 578 1816 622 1848; x_wconf 88' lang='lat' dir='ltr'>de</span> <span class='ocrx_word' id='word_1_228' title='bbox 650 1816 779 1848; x_wconf 76' lang='lat' dir='ltr'>abstin.</span> <span class='ocrx_word' id='word_1_229' title='bbox 807 1823 820 1849; x_wconf 91' lang='lat'>1</span> <span class='ocrx_word' id='word_1_230' title='bbox 849 1816 895 1849; x_wconf 78' lang='lat'>52</span> <span class='ocrx_word' id='word_1_231' title='bbox 939 1817 1018 1849; x_wconf 89' lang='grc' dir='ltr'>τῶν</span> <span class='ocrx_word' id='word_1_232' title='bbox 1044 1815 1116 1859; x_wconf 85' lang='grc' dir='ltr'>γὰρ</span> <span class='ocrx_word' id='word_1_233' title='bbox 1146 1816 1274 1850; x_wconf 83' lang='grc' dir='ltr'>αὐτῶν</span> <span class='ocrx_word' id='word_1_234' title='bbox 1301 1816 1347 1858; x_wconf 86' lang='grc' dir='ltr'>ἦν</span> <span class='ocrx_word' id='word_1_235' title='bbox 1375 1817 1434 1849; x_wconf 70' lang='grc' dir='ltr'>καί</span> <span class='ocrx_word' id='word_1_236' title='bbox 1459 1817 1528 1856; x_wconf 81' lang='grc' dir='ltr'>τὰς</span> <span class='ocrx_word' id='word_1_237' title='bbox 1553 1815 1718 1850; x_wconf 80' lang='grc' dir='ltr'>ἀπολαύ-</span> 
     </span>
     <span class='ocr_line' id='line_1_28' title="bbox 303 1879 1718 1924; baseline 0 -11"><span class='ocrx_word' id='word_1_238' title='bbox 303 1888 379 1921; x_wconf 89' lang='grc' dir='ltr'>σεις</span> <span class='ocrx_word' id='word_1_239' title='bbox 406 1879 549 1914; x_wconf 81' lang='grc' dir='ltr'>οἴεσθαι</span> <span class='ocrx_word' id='word_1_240' title='bbox 581 1879 708 1920; x_wconf 79' lang='grc' dir='ltr'>ὑγείας</span> <span class='ocrx_word' id='word_1_241' title='bbox 740 1881 833 1914; x_wconf 81' lang='grc' dir='ltr'>εἶναι</span> <span class='ocrx_word' id='word_1_242' title='bbox 868 1880 1073 1922; x_wconf 86' lang='grc' dir='ltr'>τηρητικὰς</span> <span class='ocrx_word' id='word_1_243' title='bbox 1096 1881 1157 1914; x_wconf 71' lang='grc' dir='ltr'>καί</span> <span class='ocrx_word' id='word_1_244' title='bbox 1182 1880 1229 1914; x_wconf 84' lang='grc' dir='ltr'>τὰ</span> <span class='ocrx_word' id='word_1_245' title='bbox 1253 1880 1458 1924; x_wconf 80' lang='grc' dir='ltr'>ἀφροδίσια</span> <span class='ocrx_word' id='word_1_246' title='bbox 1490 1880 1625 1922; x_wconf 86' lang='grc' dir='ltr'>ὀνῆσαι</span> <span class='ocrx_word' id='word_1_247' title='bbox 1652 1881 1718 1922; x_wconf 83' lang='grc' dir='ltr'>μὲν</span> 
     </span>
     <span class='ocr_line' id='line_1_29' title="bbox 302 1944 1192 1987; baseline 0 -9"><span class='ocrx_word' id='word_1_248' title='bbox 302 1944 440 1978; x_wconf 83' lang='grc' dir='ltr'>οὐδένα</span> <span class='ocrx_word' id='word_1_249' title='bbox 465 1945 561 1984; x_wconf 81' lang='grc' dir='ltr'>τινά,</span> <span class='ocrx_word' id='word_1_250' title='bbox 590 1944 789 1987; x_wconf 83' lang='grc' dir='ltr'>ἀγαπητὸν</span> <span class='ocrx_word' id='word_1_251' title='bbox 816 1945 857 1979; x_wconf 81' lang='grc' dir='ltr'>δὲ</span> <span class='ocrx_word' id='word_1_252' title='bbox 884 1945 916 1979; x_wconf 84' lang='grc' dir='ltr'>εἰ</span> <span class='ocrx_word' id='word_1_253' title='bbox 942 1945 991 1986; x_wconf 81' lang='grc' dir='ltr'>μὴ</span> <span class='ocrx_word' id='word_1_254' title='bbox 1019 1945 1192 1987; x_wconf 82' lang='grc' dir='ltr'>ἔβλαψεν.</span> 
     </span>
     <span class='ocr_line' id='line_1_30' title="bbox 303 2007 1719 2052; baseline 0.001 -11"><span class='ocrx_word' id='word_1_255' title='bbox 303 2007 484 2041; x_wconf 39' lang='lat' dir='ltr'>Guium-s</span> <span class='ocrx_word' id='word_1_256' title='bbox 518 2015 580 2042; x_wconf 84' lang='lat' dir='ltr'>art.</span> <span class='ocrx_word' id='word_1_257' title='bbox 608 2009 701 2042; x_wconf 84' lang='lat' dir='ltr'><strong>med.</strong></span> <span class='ocrx_word' id='word_1_258' title='bbox 732 2019 761 2041; x_wconf 86' lang='lat' dir='ltr'>c.</span> <span class='ocrx_word' id='word_1_259' title='bbox 780 2008 827 2042; x_wconf 85' lang='lat'>24</span> <span class='ocrx_word' id='word_1_260' title='bbox 855 2016 878 2042; x_wconf 87' lang='lat' dir='ltr'>t.</span> <span class='ocrx_word' id='word_1_261' title='bbox 899 2016 912 2041; x_wconf 91' lang='lat'>1</span> <span class='ocrx_word' id='word_1_262' title='bbox 937 2020 972 2052; x_wconf 88' lang='lat' dir='ltr'>p.</span> <span class='ocrx_word' id='word_1_263' title='bbox 992 2010 1059 2042; x_wconf 82' lang='lat'>371</span> <span class='ocrx_word' id='word_1_264' title='bbox 1081 2009 1131 2042; x_wconf 90' lang='lat' dir='ltr'>K.</span> <span class='ocrx_word' id='word_1_265' title='bbox 1180 2008 1416 2052; x_wconf 84' lang='grc' dir='ltr'>ἀφροδισίων</span> <span class='ocrx_word' id='word_1_266' title='bbox 1450 2010 1490 2044; x_wconf 83' lang='grc' dir='ltr'>δὲ</span> <span class='ocrx_word' id='word_1_267' title='bbox 1523 2009 1617 2043; x_wconf 87' lang='grc' dir='ltr'>κατὰ</span> <span class='ocrx_word' id='word_1_268' title='bbox 1652 2011 1719 2051; x_wconf 85' lang='grc' dir='ltr'>μὲν</span> 
     </span>
     <span class='ocr_line' id='line_1_31' title="bbox 302 2070 1384 2118; baseline 0.001 -12"><span class='ocrx_word' id='word_1_269' title='bbox 302 2072 521 2116; x_wconf 79' lang='grc' dir='ltr'>Ἐπίκουρον</span> <span class='ocrx_word' id='word_1_270' title='bbox 548 2072 704 2115; x_wconf 81' lang='grc' dir='ltr'>οὐδεμία</span> <span class='ocrx_word' id='word_1_271' title='bbox 731 2070 869 2116; x_wconf 82' lang='grc' dir='ltr'>χρῆσις</span> <span class='ocrx_word' id='word_1_272' title='bbox 886 2073 1030 2116; x_wconf 79' lang='grc' dir='ltr'>ὑγιεινή</span> <span class='ocrx_word' id='word_1_273' title='bbox 1049 2074 1114 2118; x_wconf 72' lang='lat' dir='ltr'><strong>(cf.</strong></span> <span class='ocrx_word' id='word_1_274' title='bbox 1141 2080 1165 2106; x_wconf 92' lang='lat' dir='ltr'>t.</span> <span class='ocrx_word' id='word_1_275' title='bbox 1185 2082 1207 2106; x_wconf 85' lang='lat' dir='ltr'>v</span> <span class='ocrx_word' id='word_1_276' title='bbox 1235 2086 1269 2117; x_wconf 87' lang='lat' dir='ltr'>p.</span> <span class='ocrx_word' id='word_1_277' title='bbox 1287 2074 1384 2117; x_wconf 87' lang='lat'>911).</span> 
     </span>
     <span class='ocr_line' id='line_1_32' title="bbox 303 2137 1719 2182; baseline 0.002 -12"><span class='ocrx_word' id='word_1_278' title='bbox 303 2138 353 2171; x_wconf 86' lang='lat' dir='ltr'>id.</span> <span class='ocrx_word' id='word_1_279' title='bbox 380 2139 416 2169; x_wconf 89' lang='lat' dir='ltr'>in</span> <span class='ocrx_word' id='word_1_280' title='bbox 441 2139 616 2181; x_wconf 85' lang='lat' dir='ltr'>Hippocr.</span> <span class='ocrx_word' id='word_1_281' title='bbox 645 2139 796 2181; x_wconf 85' lang='lat' dir='ltr'>epidem.</span> <span class='ocrx_word' id='word_1_282' title='bbox 823 2146 869 2171; x_wconf 88' lang='lat'>111</span> <span class='ocrx_word' id='word_1_283' title='bbox 895 2149 1021 2172; x_wconf 88' lang='lat' dir='ltr'>comm.</span> <span class='ocrx_word' id='word_1_284' title='bbox 1045 2147 1058 2171; x_wconf 88' lang='lat'>1</span> <span class='ocrx_word' id='word_1_285' title='bbox 1086 2140 1108 2172; x_wconf 82' lang='lat'>4</span> <span class='ocrx_word' id='word_1_286' title='bbox 1136 2144 1159 2171; x_wconf 84' lang='lat' dir='ltr'>t.</span> <span class='ocrx_word' id='word_1_287' title='bbox 1179 2146 1274 2181; x_wconf 79' lang='lat' dir='ltr'>xvn,</span> <span class='ocrx_word' id='word_1_288' title='bbox 1298 2140 1312 2171; x_wconf 94' lang='lat'>1</span> <span class='ocrx_word' id='word_1_289' title='bbox 1342 2150 1376 2182; x_wconf 88' lang='lat' dir='ltr'>p.</span> <span class='ocrx_word' id='word_1_290' title='bbox 1396 2139 1462 2172; x_wconf 81' lang='lat'>521</span> <span class='ocrx_word' id='word_1_291' title='bbox 1493 2137 1548 2179; x_wconf 86' lang='grc' dir='ltr'>τίς</span> <span class='ocrx_word' id='word_1_292' title='bbox 1573 2139 1645 2181; x_wconf 85' lang='grc' dir='ltr'>γὰρ</span> <span class='ocrx_word' id='word_1_293' title='bbox 1672 2140 1719 2181; x_wconf 85' lang='grc' dir='ltr'>ἦν</span> 
     </span>
     <span class='ocr_line' id='line_1_33' title="bbox 303 2201 1716 2246; baseline 0.001 -11"><span class='ocrx_word' id='word_1_294' title='bbox 303 2201 449 2244; x_wconf 83' lang='grc' dir='ltr'>ἀνάγκη</span> <span class='ocrx_word' id='word_1_295' title='bbox 475 2202 635 2245; x_wconf 83' lang='grc' dir='ltr'>γράφειν</span> <span class='ocrx_word' id='word_1_296' title='bbox 664 2228 672 2235; x_wconf 92' lang='grc'><strong>.</strong></span> <span class='ocrx_word' id='word_1_297' title='bbox 689 2230 719 2236; x_wconf 89' lang='grc'>..</span> <span class='ocrx_word' id='word_1_298' title='bbox 751 2202 939 2246; x_wconf 77' lang='grc' dir='ltr'>εἰρηκέναι</span> <span class='ocrx_word' id='word_1_299' title='bbox 1050 2202 1280 2246; x_wconf 81' lang='grc' dir='ltr'>Ἐπίκουρον,</span> <span class='ocrx_word' id='word_1_300' title='bbox 1307 2203 1497 2245; x_wconf 82' lang='grc' dir='ltr'>μηδέποτε</span> <span class='ocrx_word' id='word_1_301' title='bbox 1525 2204 1591 2243; x_wconf 82' lang='grc' dir='ltr'>μὲν</span> <span class='ocrx_word' id='word_1_302' title='bbox 1618 2203 1716 2246; x_wconf 82' lang='grc' dir='ltr'>ὠφε-</span> 
     </span>
     <span class='ocr_line' id='line_1_34' title="bbox 302 2266 1448 2310; baseline 0.002 -11"><span class='ocrx_word' id='word_1_303' title='bbox 302 2269 379 2300; x_wconf 82' lang='grc' dir='ltr'>λεῖν</span> <span class='ocrx_word' id='word_1_304' title='bbox 406 2266 642 2310; x_wconf 82' lang='grc' dir='ltr'>ἀφροδισίων</span> <span class='ocrx_word' id='word_1_305' title='bbox 668 2269 813 2310; x_wconf 85' lang='grc' dir='ltr'>χρῆσιν,</span> <span class='ocrx_word' id='word_1_306' title='bbox 840 2266 1038 2310; x_wconf 89' lang='grc' dir='ltr'>ἀγαπητὸν</span> <span class='ocrx_word' id='word_1_307' title='bbox 1066 2267 1097 2300; x_wconf 74' lang='grc' dir='ltr'>δ’</span> <span class='ocrx_word' id='word_1_308' title='bbox 1119 2267 1150 2301; x_wconf 87' lang='grc' dir='ltr'>εἰ</span> <span class='ocrx_word' id='word_1_309' title='bbox 1177 2268 1226 2309; x_wconf 89' lang='grc' dir='ltr'>μὴ</span> <span class='ocrx_word' id='word_1_310' title='bbox 1255 2267 1448 2309; x_wconf 81' lang='grc' dir='ltr'>βλάψειεν;</span> 
     </span>
    </p>
   </div>
   <div class='ocr_carea' id='block_1_10' title="bbox 302 2376 1720 2775">
    <p class='ocr_par' dir='ltr' id='par_1_11' title="bbox 302 2376 1720 2775">
     <span class='ocr_line' id='line_1_35' title="bbox 316 2376 1716 2420; baseline 0.001 -11"><span class='ocrx_word' id='word_1_311' title='bbox 316 2396 334 2409; x_wconf 47' lang='grc' dir='ltr'>ο</span> <span class='ocrx_word' id='word_1_312' title='bbox 427 2379 441 2410; x_wconf 94' lang='grc'>1</span> <span class='ocrx_word' id='word_1_313' title='bbox 472 2377 689 2412; x_wconf 84' lang='grc' dir='ltr'>ἀνάδαστον</span> <span class='ocrx_word' id='word_1_314' title='bbox 717 2383 752 2410; x_wconf 84' lang='lat' dir='ltr'>et</span> <span class='ocrx_word' id='word_1_315' title='bbox 778 2377 800 2410; x_wconf 82' lang='lat'><strong>2</strong></span> <span class='ocrx_word' id='word_1_316' title='bbox 828 2377 1027 2419; x_wconf 86' lang='grc' dir='ltr'>γινόμενον</span> <span class='ocrx_word' id='word_1_317' title='bbox 1055 2378 1157 2410; x_wconf 80' lang='lat' dir='ltr'>libri:</span> <span class='ocrx_word' id='word_1_318' title='bbox 1185 2388 1273 2410; x_wconf 84' lang='lat' dir='ltr'>eorr.</span> <span class='ocrx_word' id='word_1_319' title='bbox 1293 2377 1483 2420; x_wconf 76' lang='lat' dir='ltr'>Xylander</span> <span class='ocrx_word' id='word_1_320' title='bbox 1521 2376 1526 2420; x_wconf 80' lang='grc'>1</span> <span class='ocrx_word' id='word_1_321' title='bbox 1571 2379 1592 2408; x_wconf 83' lang='lat' dir='ltr'>(i</span> <span class='ocrx_word' id='word_1_322' title='bbox 1622 2385 1716 2419; x_wconf 89' lang='grc' dir='ltr'>σφυ-</span> 
     </span>
     <span class='ocr_line' id='line_1_36' title="bbox 304 2436 1717 2481; baseline -0.001 -11"><span class='ocrx_word' id='word_1_323' title='bbox 304 2436 458 2481; x_wconf 85' lang='grc' dir='ltr'>δούσης]</span> <span class='ocrx_word' id='word_1_324' title='bbox 484 2438 704 2480; x_wconf 84' lang='grc' dir='ltr'>φευγούσης</span> <span class='ocrx_word' id='word_1_325' title='bbox 722 2438 815 2471; x_wconf 82' lang='lat' dir='ltr'>libri.</span> <span class='ocrx_word' id='word_1_326' title='bbox 843 2438 888 2470; x_wconf 86' lang='lat' dir='ltr'>cf.</span> <span class='ocrx_word' id='word_1_327' title='bbox 908 2438 1111 2471; x_wconf 79' lang='lat' dir='ltr'>Meinekius</span> <span class='ocrx_word' id='word_1_328' title='bbox 1131 2437 1230 2469; x_wconf 90' lang='lat' dir='ltr'>Com.</span> <span class='ocrx_word' id='word_1_329' title='bbox 1251 2437 1310 2469; x_wconf 85' lang='lat' dir='ltr'>Gr.</span> <span class='ocrx_word' id='word_1_330' title='bbox 1340 2443 1362 2469; x_wconf 89' lang='lat' dir='ltr'>t.</span> <span class='ocrx_word' id='word_1_331' title='bbox 1382 2444 1426 2469; x_wconf 78' lang='lat'>111</span> <span class='ocrx_word' id='word_1_332' title='bbox 1456 2448 1488 2478; x_wconf 75' lang='lat' dir='ltr'>p.</span> <span class='ocrx_word' id='word_1_333' title='bbox 1507 2437 1576 2469; x_wconf 82' lang='lat'>610</span> <span class='ocrx_word' id='word_1_334' title='bbox 1600 2438 1604 2476; x_wconf 83' lang='grc'>1</span> <span class='ocrx_word' id='word_1_335' title='bbox 1630 2437 1717 2478; x_wconf 84' lang='grc' dir='ltr'>πρὶν</span> 
     </span>
     <span class='ocr_line' id='line_1_37' title="bbox 304 2492 1718 2541; baseline -0.001 -14"><span class='ocrx_word' id='word_1_336' title='bbox 304 2496 496 2529; x_wconf 73' lang='lat' dir='ltr'>Reiskius:</span> <span class='ocrx_word' id='word_1_337' title='bbox 524 2497 588 2538; x_wconf 81' lang='grc' dir='ltr'>ὑφ’</span> <span class='ocrx_word' id='word_1_338' title='bbox 609 2497 692 2528; x_wconf 84' lang='lat' dir='ltr'>libri</span> <span class='ocrx_word' id='word_1_339' title='bbox 732 2495 738 2541; x_wconf 66' lang='grc' dir='ltr'>Ι</span> <span class='ocrx_word' id='word_1_340' title='bbox 781 2498 821 2530; x_wconf 86' lang='grc'>17</span> <span class='ocrx_word' id='word_1_341' title='bbox 849 2497 965 2538; x_wconf 85' lang='grc' dir='ltr'>ὄγκον</span> <span class='ocrx_word' id='word_1_342' title='bbox 986 2511 1002 2527; x_wconf 63' lang='lat' dir='ltr'>a</span> <span class='ocrx_word' id='word_1_343' title='bbox 1031 2496 1079 2530; x_wconf 87' lang='grc' dir='ltr'>τὰ</span> <span class='ocrx_word' id='word_1_344' title='bbox 1097 2496 1188 2538; x_wconf 86' lang='grc' dir='ltr'>γε’νη</span> <span class='ocrx_word' id='word_1_345' title='bbox 1209 2497 1315 2537; x_wconf 81' lang='grc' dir='ltr'>ψύξις</span> <span class='ocrx_word' id='word_1_346' title='bbox 1334 2496 1355 2537; x_wconf 79' lang='grc' dir='ltr'>ἢ</span> <span class='ocrx_word' id='word_1_347' title='bbox 1376 2496 1572 2536; x_wconf 81' lang='grc' dir='ltr'>μετάθεσις</span> <span class='ocrx_word' id='word_1_348' title='bbox 1598 2495 1682 2526; x_wconf 84' lang='lat' dir='ltr'>libri</span> <span class='ocrx_word' id='word_1_349' title='bbox 1708 2492 1718 2538; x_wconf 69' lang='lat' dir='ltr'>ji</span> 
     </span>
     <span class='ocr_line' id='line_1_38' title="bbox 307 2552 1717 2598; baseline 0 -12"><span class='ocrx_word' id='word_1_350' title='bbox 307 2554 348 2586; x_wconf 81' lang='lat'>19</span> <span class='ocrx_word' id='word_1_351' title='bbox 377 2565 417 2586; x_wconf 78' lang='lat' dir='ltr'>ex</span> <span class='ocrx_word' id='word_1_352' title='bbox 445 2555 633 2598; x_wconf 80' lang='lat' dir='ltr'>Symposio</span> <span class='ocrx_word' id='word_1_353' title='bbox 661 2556 784 2598; x_wconf 75' lang='lat' dir='ltr'>petita,</span> <span class='ocrx_word' id='word_1_354' title='bbox 811 2556 853 2588; x_wconf 86' lang='lat' dir='ltr'>cs.</span> <span class='ocrx_word' id='word_1_355' title='bbox 879 2557 919 2589; x_wconf 84' lang='lat' dir='ltr'>fr.</span> <span class='ocrx_word' id='word_1_356' title='bbox 939 2555 982 2588; x_wconf 87' lang='grc'>61</span> <span class='ocrx_word' id='word_1_357' title='bbox 1011 2555 1204 2598; x_wconf 80' lang='lat' dir='ltr'>p.117,19</span> <span class='ocrx_word' id='word_1_358' title='bbox 1227 2555 1231 2594; x_wconf 70' lang='lat' dir='ltr'>l</span> <span class='ocrx_word' id='word_1_359' title='bbox 1256 2554 1459 2596; x_wconf 82' lang='grc' dir='ltr'>συνουσίην</span> <span class='ocrx_word' id='word_1_360' title='bbox 1479 2555 1509 2586; x_wconf 81' lang='grc' dir='ltr'>Β</span> <span class='ocrx_word' id='word_1_361' title='bbox 1535 2552 1717 2595; x_wconf 88' lang='grc' dir='ltr'>συνουσίη</span> 
     </span>
     <span class='ocr_line' id='line_1_39' title="bbox 303 2613 1719 2656; baseline 0 -13"><span class='ocrx_word' id='word_1_362' title='bbox 303 2613 422 2645; x_wconf 77' lang='lat' dir='ltr'>ceteri.</span> <span class='ocrx_word' id='word_1_363' title='bbox 465 2613 724 2646; x_wconf 84' lang='lat' dir='ltr'>Democriteam</span> <span class='ocrx_word' id='word_1_364' title='bbox 759 2615 969 2646; x_wconf 81' lang='lat' dir='ltr'><strong>sententiam</strong></span> <span class='ocrx_word' id='word_1_365' title='bbox 1001 2624 1079 2645; x_wconf 86' lang='lat' dir='ltr'><strong>esse</strong></span> <span class='ocrx_word' id='word_1_366' title='bbox 1112 2613 1347 2656; x_wconf 78' lang='lat' dir='ltr'>probabiliter</span> <span class='ocrx_word' id='word_1_367' title='bbox 1380 2614 1532 2644; x_wconf 72' lang='lat' dir='ltr'>coniecit</span> <span class='ocrx_word' id='word_1_368' title='bbox 1560 2613 1719 2644; x_wconf 82' lang='lat' dir='ltr'>HRitter</span> 
     </span>
     <span class='ocr_line' id='line_1_40' title="bbox 302 2668 1720 2715; baseline -0.001 -12"><span class='ocrx_word' id='word_1_369' title='bbox 302 2672 383 2704; x_wconf 75' lang='lat' dir='ltr'>hist.</span> <span class='ocrx_word' id='word_1_370' title='bbox 403 2671 534 2713; x_wconf 80' lang='lat' dir='ltr'>philos.</span> <span class='ocrx_word' id='word_1_371' title='bbox 553 2674 617 2705; x_wconf 67' lang='lat'>1112</span> <span class='ocrx_word' id='word_1_372' title='bbox 634 2683 667 2715; x_wconf 87' lang='lat' dir='ltr'>p.</span> <span class='ocrx_word' id='word_1_373' title='bbox 684 2672 766 2711; x_wconf 78' lang='lat'>467,</span> <span class='ocrx_word' id='word_1_374' title='bbox 791 2683 860 2714; x_wconf 76' lang='lat' dir='ltr'>qua</span> <span class='ocrx_word' id='word_1_375' title='bbox 885 2672 1009 2704; x_wconf 86' lang='lat' dir='ltr'>credas</span> <span class='ocrx_word' id='word_1_376' title='bbox 1029 2672 1220 2714; x_wconf 83' lang='lat' dir='ltr'>Epicurum</span> <span class='ocrx_word' id='word_1_377' title='bbox 1244 2673 1280 2703; x_wconf 86' lang='lat' dir='ltr'>in</span> <span class='ocrx_word' id='word_1_378' title='bbox 1305 2671 1472 2703; x_wconf 73' lang='lat' dir='ltr'>conuiuio</span> <span class='ocrx_word' id='word_1_379' title='bbox 1492 2681 1593 2702; x_wconf 84' lang='lat' dir='ltr'><strong>usum</strong></span> <span class='ocrx_word' id='word_1_380' title='bbox 1614 2680 1693 2702; x_wconf 80' lang='lat' dir='ltr'>esse</span> <span class='ocrx_word' id='word_1_381' title='bbox 1717 2668 1720 2710; x_wconf 70' lang='grc' dir='ltr'><strong>ξ</strong></span> 
     </span>
     <span class='ocr_line' id='line_1_41' title="bbox 302 2729 1719 2775; baseline -0.002 -13"><span class='ocrx_word' id='word_1_382' title='bbox 302 2731 346 2763; x_wconf 72' lang='lat'>25</span> <span class='ocrx_word' id='word_1_383' title='bbox 375 2729 526 2775; x_wconf 83' lang='grc' dir='ltr'>ὀνῆσαι]</span> <span class='ocrx_word' id='word_1_384' title='bbox 552 2730 608 2764; x_wconf 80' lang='grc' dir='ltr'>ὧν</span> <span class='ocrx_word' id='word_1_385' title='bbox 635 2731 760 2774; x_wconf 85' lang='grc' dir='ltr'>ὤνησε</span> <span class='ocrx_word' id='word_1_386' title='bbox 787 2731 872 2763; x_wconf 85' lang='lat' dir='ltr'>libri</span> <span class='ocrx_word' id='word_1_387' title='bbox 918 2732 924 2773; x_wconf 66' lang='grc' dir='ltr'>ί</span> <span class='ocrx_word' id='word_1_388' title='bbox 971 2731 1014 2764; x_wconf 86' lang='lat'>31</span> <span class='ocrx_word' id='word_1_389' title='bbox 1044 2732 1175 2773; x_wconf 79' lang='grc' dir='ltr'>χρῆσιν</span> <span class='ocrx_word' id='word_1_390' title='bbox 1203 2730 1426 2763; x_wconf 71' lang='lat' dir='ltr'>Gassendus:</span> <span class='ocrx_word' id='word_1_391' title='bbox 1464 2729 1582 2772; x_wconf 85' lang='grc' dir='ltr'>κρίσιν</span> <span class='ocrx_word' id='word_1_392' title='bbox 1611 2729 1719 2760; x_wconf 84' lang='lat' dir='ltr'><strong>edunt</strong></span> 
     </span>
    </p>
   </div>
   <div class='ocr_carea' id='block_1_11' title="bbox 1743 1222 1773 1247">
    <p class='ocr_par' dir='ltr' id='par_1_12' title="bbox 1743 1222 1773 1247">
     <span class='ocr_line' id='line_1_42' title="bbox 1743 1222 1773 1247; baseline 0 0"><span class='ocrx_word' id='word_1_393' title='bbox 1743 1222 1773 1247; x_wconf 87' lang='lat'>15</span> 
     </span>
    </p>
   </div>
   <div class='ocr_carea' id='block_1_12' title="bbox 1741 1891 1776 1917">
    <p class='ocr_par' dir='ltr' id='par_1_13' title="bbox 1741 1891 1776 1917">
     <span class='ocr_line' id='line_1_43' title="bbox 1741 1891 1776 1917; baseline -0.029 0"><span class='ocrx_word' id='word_1_394' title='bbox 1741 1891 1776 1917; x_wconf 69' lang='lat'>85</span> 
     </span>
    </p>
   </div>
  </div>
 </body>
</html>
