1842 3250
96 1034 126 1059 10

51 1176 123 1209 450

90 1377 122 1403 Π»

46 2225 113 2260 451

84 2365 117 2390 30

648 264 855 296 EPICVRI
882 264 1073 296 ETHICA
1499 264 1569 299 293

154 382 189 410 et
214 378 306 421 apud
335 377 529 421 Epicurum
561 382 643 410 sunt
668 378 756 411 haec
783 379 890 418 bona,
930 390 1021 423 quae
1048 380 1176 412 malles
1203 391 1274 412 non
1300 380 1466 423 experiri,
1505 380 1568 412 scd

153 442 237 484 quia
266 443 314 474 ita
344 453 399 474 res
433 441 527 482 tulit,
566 447 600 475 et
627 442 861 485 amplexanda
886 450 920 476 et
953 444 1133 477 laudanda
1162 450 1195 477 et
1223 445 1452 488 exaequanda
1479 456 1570 477 sum·

151 507 217 539 mis
245 511 326 539 sunt
338 505 357 539 '.

199 620 306 654 CVM
332 621 647 654 ARISTIPPEIS
673 621 1072 655 CONTROVERSIA

269 699 464 735 Evsnmvs
489 713 647 746 praepar.
676 714 730 737 eu.
754 710 824 736 XIV
849 703 901 742 18,
918 704 962 737 31
990 714 1025 747 p.
1041 703 1129 738 763ιι
1157 704 1384 748 Σωκράτους
1410 706 1442 739 δ’
1470 706 1566 740 ἑταῖ-

150 776 217 810 ρος
245 764 485 809 Ἀρίστιππος
517 767 564 809 ἠν
598 768 619 801 ό
646 768 717 810 τὴν
751 768 989 811 καλουμένην
1016 768 1252 813 Κυρηναϊκήν
1279 769 1569 813 συστησάμενος

149 833 305 877 αἵρεσιν,
337 831 403 874 ἀφ’
430 831 475 875 ἦς
499 832 567 873 τὰς
594 831 768 875 ἀφορμὰς
795 832 1013 877 Ἐπίκουρος
1040 834 1135 877 πρὸς
1158 836 1228 876 τὴν
1256 837 1325 869 τοῦ
1349 835 1483 876 τέλους
1509 836 1567 869 ἔκ-

150 899 255 932 θεσιν
282 897 447 941 εἴληφεν.

150 963 195 995 cf.
221 963 310 996 ibid.
337 963 458 1001 20,13
485 974 519 1007 p.
539 962 636 997 7680.
679 963 891 996 Plutarchus
925 970 1048 996 contra
1073 964 1175 1007 Epic.
1202 964 1325 997 beatit.
1353 965 1374 997 4
1401 977 1435 1008 p.
1459 965 1567 999 10892

150 1025 186 1061 οἱ
212 1026 436 1070 Κυρηναϊκοὶ
465 1045 511 1051 --
544 1027 585 1062 ἐκ
612 1029 695 1069 μιᾶς
720 1026 896 1071 οἰνοχόης
923 1027 1131 1073 Ἐπικούρῳ
1158 1030 1390 1071 πεπωκότες.
1441 1031 1567 1062 Lucia-

148 1102 213 1124 nus
241 1092 391 1124 uitarum
418 1097 509 1125 auct.
540 1091 594 1125 19.
646 1092 858 1124 Athenaeus
886 1100 940 1125 ΧΠ
968 1103 1001 1136 p.
1022 1093 1108 1126 546⁶
1135 1094 1228 1126 conl.
1249 1094 1348 1128 544³.

268 1171 462 1207 LAER’rlvs
490 1171 598 1208 nme..
626 1181 654 1206 x
682 1174 768 1208 136:
795 1175 868 1208 uid.
896 1175 936 1207 fr.
961 1175 990 1209 1.

145 1238 242 1270 idem
261 1246 286 1270 ιι
305 1238 351 1272 87
377 1237 522 1280 ἡδονὴν
548 1239 675 1280 μέντοι
703 1238 835 1281 (φασὶν
861 1242 896 1273 οὶ
916 1238 1156 1283 Κυρηναϊκοὶ)
1183 1240 1254 1282 τὴν
1281 1243 1351 1274 τοῦ
1378 1242 1565 1283 σώματος,

145 1303 193 1346 ἣν
219 1304 279 1337 καὶ
303 1303 414 1344 τέλος
438 1303 544 1345 εἶναι,
571 1304 668 1338 καθά
695 1312 790 1347 φησι
817 1305 877 1338 καὶ
902 1303 1110 1346 Παναίτιος
1137 1305 1176 1339 ὲν
1202 1308 1258 1349 τῷ
1286 1305 1379 1348 Περὶ
1407 1308 1485 1340 τῶν
1511 1306 1565 1340 αἰ-

145 1368 301 1412 ρέσεων,
340 1368 385 1402 οὐ
411 1368 483 1410 τήν
509 1368 845 1411 καταστηματικὴν
872 1369 1016 1411 ἡδονὴν
1041 1370 1111 1411 τήν
1140 1370 1197 1403 ἐπ’
1226 1370 1415 1413 ἀναιρέσει
1451 1370 1564 1414 ἀλγη-

146 1433 270 1467 δόνων
302 1433 362 1467 καὶ
394 1431 477 1467 οἷον
511 1432 753 1476 ἀνοχλησίαν,
793 1433 839 1476 ἢν
874 1435 894 1468 ὁ
922 1434 1140 1477 Ἐπίκουρος
1176 1435 1414 1477 ἀποδέχεται,
1456 1436 1564 1476 τέλος

145 1496 240 1532 εἷναί
265 1506 393 1540 φασιν.

145 1562 241 1594 idem
260 1569 286 1594 11
306 1561 353 1595 89
378 1562 402 1604 ή
429 1561 470 1596 δὲ
495 1565 579 1596 τοῦ
606 1562 864 1604 ἀλγοῦντος
890 1562 1199 1606 ὑπεξαίρεσις,
1228 1564 1279 1605 ὡς
1306 1563 1449 1608 εἴρηται
1476 1565 1562 1608 παρ’

143 1626 361 1671 Ἐπικούρῳ,
403 1627 505 1662 δοκεῖ
537 1628 666 1669 αὐτοῖς
693 1628 742 1670 μὴ
769 1628 864 1663 εἶναι
891 1628 1010 1670 ἡδονὴ
1038 1628 1119 1662 οὐδ’
1147 1630 1169 1671 ή
1198 1628 1357 1672 ἀηδονία
1384 1630 1562 1672 ἀλγηδών

85 1702 102 1726 2
142 1709 189 1716 ——
215 1692 256 1726 ἑν
282 1691 427 1734 κινήσει
457 1691 530 1736 γὰρ
565 1692 659 1728 εἶναι
692 1692 893 1737 ἀμφότερα
922 1711 989 1734 -,
1031 1693 1080 1736 μὴ
1111 1694 1230 1736 οὔσης
1258 1697 1326 1736 τῆς
1353 1694 1513 1736 ἀπονίας
1540 1696 1561 1737 ἢ

141 1757 211 1798 τῆς
241 1755 421 1800 ἀηδονίας
456 1756 658 1800 κινήσεως,
700 1758 781 1792 ἐπεὶ
814 1757 837 1800 ἡ
870 1757 1008 1792 ἀπονία
1043 1757 1159 1792 οἱονεὶ
1196 1759 1451 1801 καθεύδοντός
1483 1760 1563 1794 ἐστι

142 1820 382 1863 κατάστασις.

141 1885 384 1930 (ANTIOCHVS
402 1886 542 1931 Ascal.)
568 1887 764 1920 Clementis
783 1887 891 1921 Alex.
912 1894 1031 1921 strom.
1051 1895 1081 1920 Π
1099 1888 1143 1921 21
1162 1899 1197 1931 p.
1217 1889 1295 1926 178,
1313 1889 1358 1921 43
1386 1890 1464 1922 τῶν
1489 1889 1561 1932 γὰρ

142 1949 219 1984 ἀπὸ
250 1953 319 1993 τῆς
351 1951 492 1995 ἡδονῆς
526 1950 749 1994 ἀρχομένων
784 1951 874 2006 τούς
906 1962 946 1986 τε
980 1951 1235 1995 Κυρηναϊκοὺς
1269 1954 1364 1987 εἶναι
1396 1954 1456 1987 καί
1494 1953 1561 1988 τὸν

84 2025 101 2050 ⁴2
141 2012 381 2058 Ἐπίκουρον·
419 2015 582 2057 τούτους
606 2015 679 2059 γὰρ
707 2016 817 2057 τέλος
849 2018 944 2051 εἶναι
977 2017 1101 2058 λέγειν
1133 2017 1341 2061 διαρρήδην
1367 2018 1413 2052 τὸ
1439 2017 1562 2061 ἡδέως

141 2079 222 2122 Ζῆν,
259 2079 405 2114 τέλειον
439 2080 480 2115 δὲ
511 2080 656 2122 ἀγαθὸν
687 2081 805 2123 μόνον
831 2081 903 2124 τὴν
929 2081 1083 2124 ἡδονήν.
1131 2082 1152 2116 ὁ
1182 2083 1221 2117 δέ
1248 2081 1465 2126 Ἐπίκουρος
1500 2084 1561 2118 καὶ

141 2143 213 2185 τὴν
238 2145 308 2186 τῆς
333 2143 545 2188 ἀλγηδόνος
570 2145 807 2190 ὑπεξαίρεσιν
833 2146 978 2188 ἡδονὴν
1005 2147 1099 2180 εἶναι
1126 2146 1235 2188 λέγει.

263 2224 506 2269 (AN'nocflvs
534 2225 675 2268 Ascal.)
710 2226 904 2259 Clementis
932 2227 1040 2260 Alex.
1075 2233 1194 2261 strom.
1229 2236 1256 2260 11
1281 2228 1324 2261 21
1360 2240 1394 2271 p.
1417 2228 1494 2267 179,
1515 2228 1560 2261 36

142 2289 250 2324 οὗτοι
276 2289 313 2324 οἱ
339 2289 563 2334 Κυρηναϊκοὶ
595 2290 664 2324 τὸν
690 2291 781 2334 ὅρον
807 2294 875 2333 τῆς
907 2291 1049 2333 ἡδονῆς
1076 2290 1308 2334 Ἐπικούρου,
1348 2293 1452 2327 τοῦτ’
1481 2294 1560 2326 ἐστι

142 2355 213 2397 τὴν
239 2357 308 2389 τοῦ
335 2354 543 2397 ἀλγοῦντος
565 2355 803 2399 ὑπεξαίρεσιν
825 2356 1016 2391 ἀθετοῦσι.
1043 2359 1180 2399 νεκροῦ
1207 2356 1438 2391 κατάστασιν
1466 2357 1559 2392 ἀπο-

142 2421 363 2460 καλοῦντες·
399 2418 540 2464 χαίρειν
566 2420 638 2464 γὰρ
665 2421 761 2463 ἡμᾶς
788 2421 836 2462 μή
866 2422 983 2463 μόνον
1011 2422 1071 2456 ἐπὶ
1097 2421 1262 2463 ἡδοναῖς,
1291 2421 1384 2455 ἀλλὰ
1412 2423 1471 2456 καὶ
1499 2422 1559 2456 ἐπὶ

142 2483 299 2526 ὁμιλίαις
331 2485 392 2519 καί
423 2485 483 2519 ἐπὶ
515 2485 753 2528 φιλοτιμίαις.
806 2487 826 2520 ὁ
861 2486 901 2520 δὲ
930 2486 1148 2530 ’Ἐπίκουρος
1180 2489 1307 2520 πᾶσαν
1340 2487 1458 2530 χαρὰν
1491 2489 1559 2529 τῆς

142 2550 267 2591 ψυχῆς
293 2548 411 2583 οἴεται
438 2549 497 2583 ἐπὶ
524 2551 834 2594 πρωτοπαθούσῃ
861 2554 907 2594 τῇ
935 2552 1043 2594 σαρκὶ
1071 2551 1255 2592 γενέσθαι.

141 2612 335 2647 Lmffimvs
364 2613 474 2647 DIOG.
500 2622 528 2647 11
557 2616 602 2648 89
645 2616 690 2649 οῦ
723 2615 847 2656 πάσας
875 2615 1004 2656 μέντοι
1038 2616 1103 2656 τὰς
1135 2617 1296 2658 ψυχικὰς
1329 2616 1468 2658 ἡδονὰς
1498 2617 1558 2650 καὶ

263 2741 280 2773 l
309 2746 342 2773 et
360 2752 417 2773 om
436 2753 459 2785 p
481 2741 487 2784 1
511 2753 581 2773 non
601 2753 657 2775 om
677 2744 715 2774 M
751 2742 755 2785 Ι
790 2742 812 2775 2
840 2755 899 2775 res
924 2746 1011 2776 tulit
1030 2743 1084 2787 p‘3:
1112 2747 1259 2777 rettulit
1274 2744 1314 2786 p²
1341 2745 1472 2776 retulit
1487 2744 1523 2775 M

140 2799 185 2832 21
206 2801 251 2832 cf.
269 2799 312 2833 fr.
326 2800 396 2833 397
414 2800 541 2843 p.272‚
560 2802 573 2833 1
590 2812 641 2844 sq.
661 2802 726 2835 451
764 2800 768 2840 Ι
799 2803 843 2835 27
860 2804 1019 2846 sequitur
1037 2804 1076 2837 sr.
1093 2804 1162 2837 406
1195 2804 1209 2847 Η
1238 2804 1283 2837 29
1303 2804 1346 2835 cs.
1363 2814 1398 2846 p.
1411 2803 1493 2841 271,
1511 2803 1554 2836 10
