1846 3288
287 236 422 268 XXVI
840 234 1134 267 PRAEFATIO

287 363 410 388 neum
441 351 661 401 epistolion
688 351 884 387 insertum
917 349 967 385 sit
987 346 1008 397 ξ
1028 350 1079 387 22
1109 346 1189 398 ἤδη
1221 347 1268 388 δὲ
1289 349 1504 389 τελευτῶν
1530 346 1690 399 γράφει

286 416 396 468 πρὸς
413 416 630 467 Ἰδομενέα
652 415 778 466 τήνδε
801 413 1046 464 ἐπιστολήν·
1077 413 1163 465 Τὴν
1185 415 1394 466 μακαρίαν
1416 447 1449 456 ..
1469 447 1476 454 .
1495 448 1503 455 .
1524 415 1690 458 παίδων

287 482 596 535 Μητροδώρου.
647 483 731 523 καὶ
762 482 972 523 διέθετο
1005 481 1094 531 μὲν
1124 479 1233 523 ὧδε.
1287 482 1480 534 μαθητὰς
1511 483 1558 523 δὲ
1589 481 1690 533 ἔσχε

286 552 372 592 κτλ.
434 554 700 590 concedimus
734 551 894 588 ultimas
926 550 1081 587 litteras
1114 557 1362 588 testamento
1394 552 1563 600 perinde
1597 551 1686 588 sub-

285 620 336 657 ici
367 632 417 657 ac
456 620 660 670 praemitti
692 619 902 668 potuisse:
949 617 1171 655 clausulam
1201 616 1270 657 καὶ
1300 617 1466 658 διέθετο
1498 617 1574 667 μὲν
1604 615 1689 658 ὧδε

287 687 466 735 oportuit
495 688 546 723 ab
578 687 668 736 ipso
702 690 952 722 testamento
984 696 1068 721 non
1095 685 1232 722 diuelli
1254 685 1501 734 interpositis
1533 686 1687 725 alienis.

284 755 404 803 igitur
447 754 666 803 epistolion
705 752 1035 789 additamentum
1072 752 1252 798 editoris,
1294 753 1378 789 siue
1418 753 1585 801 margini
1617 753 1690 790 ad-

285 821 480 869 seriptum
518 821 603 857 siue
643 821 681 857 in
719 819 859 856 charta
896 818 1085 866 singulari
1126 819 1423 869 consignatum,
1467 832 1558 857 eum
1596 825 1691 869 post

284 888 393 924 illam
425 887 648 925 clausulam
682 886 985 924 conlocandum
1017 893 1136 931 esset,
1170 898 1319 935 operae
1350 893 1689 936 praeposuerunt.

286 954 393 991 Vide
414 966 534 1004 porro
557 953 583 1003 ξ
609 956 660 992 10
681 966 738 1003 sq.
761 951 871 1003 πρὸς
893 950 997 1001 τοὺς
1022 950 1178 1002 φίλους
1193 974 1249 979 --
1265 952 1305 992 οἳ
1327 951 1396 993 καὶ
1416 951 1690 1003 πανταχόθεν

284 1018 394 1070 πρὸς
426 1018 560 1061 αὐτὸν
591 1017 856 1070 ἀφικνοῦντο
888 1017 956 1059 καὶ
984 1018 1214 1070 συνεβίουν
1245 1018 1360 1074 αὐτῷ
1393 1018 1438 1060 ἐν
1469 1022 1530 1072 τῷ
1553 1019 1690 1072 κήπῳ,

286 1085 394 1127 καθά
409 1095 518 1138 φησι
540 1086 608 1127 καὶ
626 1086 966 1139 Ἀπολλόδωρος,
989 1087 1005 1139 l!
1028 1087 1078 1128 ὃν
1096 1086 1164 1127 καὶ
1181 1085 1450 1136 ὀγδοήκοντα
1468 1087 1585 1136 μνῶν
1601 1085 1690 1136 πρί-

286 1156 434 1194 ασθαι·
493 1154 686 1205 Διοκλῆς
725 1154 773 1195 δὲ
810 1154 856 1196 ἐν
888 1158 937 1209 τῇ
968 1154 1085 1207 τρίτῃ
1118 1155 1195 1204 τῆς
1224 1153 1486 1204 Ἐπιδρομῆς
1522 1162 1655 1204 φησιν
1676 1151 1693 1205 Η

284 1220 570 1262 εὐτελέστατα
610 1221 679 1262 καὶ
710 1221 911 1263 λιτότατα
949 1221 1235 1271 διαιτώμενοι·
1266 1220 1422 1275 κοτύλῃ
1457 1222 1576 1270 γοῦν,
1611 1233 1692 1272 φη-

284 1287 366 1339 σίν,
404 1287 581 1330 οἰνιδίου
620 1288 832 1339 ἠρκοῦντο
874 1290 960 1331 κτλ.
1022 1291 1081 1329 sic
1121 1303 1171 1327 ex
1202 1290 1391 1328 librorum
1421 1289 1500 1327 fide
1531 1288 1691 1327 restitu-

287 1358 442 1394 endum
473 1364 571 1404 erat,
611 1357 685 1394 nisi
725 1357 828 1395 forte
859 1359 991 1407 ipsum
1021 1357 1229 1396 Laertium
1267 1357 1573 1395 emendandum
1595 1369 1691 1395 cen-

286 1424 474 1464 sebimus.
534 1425 608 1462 sed
646 1424 753 1462 hune
793 1426 926 1462 locum
965 1426 1033 1474 qui
1073 1423 1345 1474 corrigebant,
1387 1424 1506 1462 facile
1548 1424 1691 1462 uideas

286 1493 527 1541 corrupisse.
588 1492 872 1540 intellegemus
909 1493 1023 1531 simul
1056 1499 1099 1529 et
1138 1492 1343 1541 patienter
1378 1492 1552 1530 feremus
1584 1491 1690 1541 supi·

286 1571 379 1596 nam
412 1559 581 1597 editoris
613 1559 769 1608 antiqui
798 1560 1110 1609 neglegentiam,
1143 1560 1210 1609 qui
1243 1560 1295 1596 de
1317 1561 1448 1608 pretio
1479 1559 1584 1597 horti
1616 1560 1690 1597 ad—

284 1627 609 1665 notatiunculam
630 1628 800 1677 margini
821 1628 1038 1677 adspersit,
1072 1629 1284 1678 quomodo
1303 1639 1396 1664 cum
1428 1627 1572 1665 ceteris
1604 1639 1690 1664 uer·

283 1694 344 1731 bis
377 1695 612 1744 quadraret,
646 1707 729 1732 uon
761 1696 925 1734 curauit.
979 1696 1046 1733 Sic
1076 1694 1144 1743 §6
1177 1694 1246 1734 καὶ
1276 1693 1357 1743 μὴν
1388 1693 1456 1734 καὶ
1485 1692 1690 1745 Τιμοκρά-

281 1772 358 1809 της
390 1759 437 1800 ἐν
467 1762 560 1811 τοῖς
601 1760 966 1812 ἐπιγραφομένοις
999 1760 1272 1812 Εὐφραντοῖς
1293 1761 1309 1810 ΙΙ
1331 1760 1355 1802 ὁ
1387 1759 1689 1812 Μητροδώρου

284 1827 359 1875 μὲν
382 1826 587 1879 ἀδελφός,
619 1828 811 1879 μαθητὴς
842 1828 890 1870 δὲ
921 1827 1055 1870 αὐτοῦ
1087 1829 1164 1879 τῆς
1196 1830 1361 1879 σχολῆς
1391 1825 1691 1881 ἐκφοιτήσας-Η

280 1893 390 1944 φησὶ
430 1893 497 1945 δὶς
535 1894 669 1936 αὐτὸν
710 1897 786 1945 τῆς
818 1894 981 1947 ἡμέρας
1013 1894 1129 1945 ἐμεῖν
1164 1893 1250 1936 ἀπὸ
1282 1898 1451 1946 τρυφῆς
1481 1897 1569 1946 ipse
1601 1908 1690 1934 uer-

281 1963 424 2001 borum
462 1964 577 2013 ordo,
614 1977 736 2014 quem
768 1966 952 2002 editores
983 1964 1265 2003 concinnitatis
1297 1965 1337 2002 in
1374 1965 1454 2002 hoc
1493 1964 1690 2013 scriptore

282 2031 390 2068 male
436 2031 611 2069 studiosi
657 2032 990 2082 immutauerunt,
1029 2032 1160 2082 arguit
1201 2032 1332 2070 locum
1369 2033 1422 2069 de
1454 2031 1690 2069 Timocrate

282 2099 491 2136 contextui
514 2098 753 2148 antiquioris
778 2099 863 2137 libri
883 2112 907 2136 a
937 2110 1050 2136 nouo
1083 2099 1243 2136 editore
1273 2099 1554 2149 interpositum
1584 2110 1689 2137 esse.

279 2176 417 2214 neque
440 2165 558 2203 aliter
579 2167 632 2203 de
655 2165 681 2215 ξ
701 2168 752 2205 23
775 2163 877 2216 ἔσχε
906 2165 953 2206 δὲ
976 2164 1045 2206 καὶ
1075 2164 1151 2206 τὸν
1183 2165 1499 2216 προειρημένον
1530 2163 1690 2206 εἰκαῖόν

280 2243 374 2271 τινα
420 2229 615 2283 ἀδελφὸν
657 2233 735 2273 τοῦ
781 2231 1080 2283 Μητροδώρου
1120 2230 1389 2282 Τιμοκράτην
1427 2234 1689 2272 iudicandum

279 2306 354 2339 est.
388 2301 587 2349 sagaciter
604 2301 818 2339 Kuehnius
836 2301 914 2340 τοῦ
936 2298 1234 2350 Μητροδώρου
1257 2301 1462 2350 glossema
1480 2313 1571 2339 esse
1594 2313 1690 2339 con-

280 2367 394 2405 iecit:
426 2369 538 2417 quod
560 2369 592 2405 si
614 2377 724 2407 recte
755 2369 972 2414 coniceret,
997 2369 1132 2418 potius
1157 2365 1258 2417 ἔσχε
1278 2367 1326 2408 δὲ
1348 2366 1372 2408 ὁ
1394 2366 1690 2418 Μητρόδωρος

280 2435 572 2484 interpolatum
606 2442 883 2485 exspectares.
921 2436 1045 2473 immo
1076 2435 1188 2473 idern
1219 2437 1288 2485 qui
1316 2436 1416 2473 illud
1447 2436 1513 2482 §6
1545 2436 1597 2473 de
1620 2435 1688 2473 Ti-

278 2509 474 2549 mocrate,
521 2502 600 2541 hoc
639 2515 802 2553 quoque
834 2503 1004 2552 margini
1041 2503 1267 2552 adscripsit,
1303 2510 1344 2540 et
1372 2503 1510 2541 referri
1539 2503 1571 2540 is
1602 2502 1688 2553 qui-

280 2568 375 2606 dem
415 2570 470 2606 ad
506 2571 629 2607 uerba
663 2571 758 2616 §22
792 2569 986 2619 μαθητὰς
1023 2568 1070 2610 δὲ
1105 2567 1207 2619 ἔσχε
1233 2567 1424 2619 πολλοὺς
1454 2567 1688 2620 (Epicurus)

279 2635 367 2676 κτλ.
393 2636 532 2688 uoluit,
564 2650 646 2675 nou
676 2644 815 2675 tamen
846 2645 983 2675 certae
1015 2637 1104 2675 sedi
1135 2637 1371 2674 destinauit.

392 2704 581 2752 grauiora
602 2705 751 2742 indicia
773 2712 1003 2750 occurrunt,
1036 2717 1128 2742 eum
1159 2705 1213 2742 ad
1237 2704 1399 2754 Epicuri
1415 2704 1574 2742 libellos
1596 2717 1685 2754 per-

279 2771 452 2809 ueneris.
485 2783 619 2822 neque
641 2784 833 2822 umquam
856 2784 1106 2821 quemquam
1136 2772 1334 2810 attentius
1356 2772 1564 2821 legentem
1586 2771 1687 2821 sugit
