1842 3250
175 216 215 249 sr.
242 215 313 250 352
656 216 859 248 EPICVRI
886 217 1100 250 PHYSICA
1514 218 1583 252 233

223 331 261 363 Si
287 331 377 364 nihil
406 331 504 364 aliud
536 343 783 375 quaereremus
817 333 885 366 nisi
911 339 948 366 ut
975 333 1062 366 deos
1089 333 1148 377 pie
1175 334 1375 366 coleremus
1407 341 1440 366 et
1466 342 1502 366 ut
1531 344 1584 366 su-

173 395 386 438 perstitione
408 396 652 435 liberaremur,
679 397 764 430 satis
791 403 863 430 erat
890 398 1033 432 dictum.
1062 409 1142 430 nam
1169 403 1202 431 et
1226 403 1410 442 praestans
1438 399 1584 432 deorum

174 464 298 492 natura
332 459 513 493 hominum
544 462 676 505 pietate
710 462 898 501 coleretur,
939 474 1017 495 cum
1043 468 1078 495 et
1106 469 1246 496 aeterna
1274 469 1368 496 esset
1395 469 1428 496 et
1453 464 1583 496 beatis-

176 523 263 556 sima
287 523 412 568 (habet
441 525 536 558 enim
562 526 830 558 uenerationem
857 527 983 559 iustam
1011 527 1181 570 quicquid
1208 526 1379 571 excellit),
1411 532 1443 560 et
1469 533 1584 560 metus

133 599 150 624 5
175 588 290 621 omnis
317 598 336 620 a
362 588 399 620 ui
425 594 530 632 atque
557 589 610 621 ira
635 589 783 622 deorum
808 591 933 633 pulsus
952 597 1062 624 esset:
1091 592 1312 633 intellegitur
1331 592 1423 625 enim
1443 602 1462 623 a
1481 592 1585 624 beata

172 652 423 696 inmortalique
455 659 579 686 natura
613 657 647 685 et
679 654 765 686 iram
799 660 833 686 et
864 654 1012 696 gratiam
1048 656 1239 698 segregari,
1277 656 1407 699 quibus
1440 657 1584 689 remotis

173 717 294 750 nullos
321 728 341 750 a
365 717 503 761 superis
537 717 731 761 inpendere
765 723 890 752 metus.
931 721 994 752 sed
1020 720 1064 752 ad
1091 720 1179 752 hanc
1206 720 1483 753 confirmandam
1509 721 1585 765 opi-

173 781 316 814 nionem
341 781 494 826 anquirit
519 783 655 815 animus
680 789 714 816 et
739 783 886 816 formam
914 789 948 817 et
974 785 1067 817 uitae
1095 786 1269 818 actionem
1295 786 1495 829 mentisque
1513 785 1584 827 agi-

171 845 341 878 tationem
366 845 403 878 in
430 847 511 880 deo.

85 913 149 946 (46)
221 910 280 942 Ac
311 910 357 943 de
391 911 504 943 forma
535 911 680 954 quidem
712 912 840 955 partim
872 917 996 945 natura
1028 924 1094 946 nos
1127 914 1303 956 admonet,
1342 915 1468 957 partim
1494 915 1583 947 ratio

117 982 145 1006 ιι
173 975 289 1009 docet.
315 987 396 1008 nam
421 986 441 1008 a
466 980 588 1008 natura
614 976 788 1009 habemus
815 988 938 1010 omnes
965 980 1121 1010 omnium
1149 979 1305 1020 gentium
1330 978 1485 1022 speciem
1509 979 1585 1011 nul-

173 1040 243 1073 lam
273 1039 378 1073 aliam
411 1040 481 1073 nisi
511 1040 700 1074 humanam
728 1042 884 1074 deorum.
936 1053 1026 1085 quae
1059 1043 1153 1075 enim
1186 1043 1300 1076 sonna
1332 1044 1402 1076 alia
1431 1045 1584 1077 occurrit

172 1115 337 1148 umquam
364 1110 424 1137 aut
449 1105 613 1147 uigilanti
639 1106 803 1149 cuiquam
830 1112 889 1139 aut
914 1106 1128 1140 dormienti?
1179 1109 1242 1140 sed
1269 1119 1312 1140 ne
1340 1109 1457 1140 omnia
1482 1119 1585 1141 reuo-

86 1171 148 1205 (47)
172 1174 295 1202 centur
321 1169 364 1201 ad
393 1170 522 1212 primas
549 1171 728 1209 notiones,
755 1171 845 1204 ratio
872 1171 941 1204 hoc
967 1172 1062 1204 idem
1088 1173 1167 1216 ipsa
1193 1173 1360 1206 declarat.
1397 1183 1476 1205 nain
1504 1183 1582 1205 cum

117 1239 150 1264 15
170 1234 518 1278 praestantissumam
544 1241 716 1275 naturam,
755 1236 812 1269 uel
841 1237 923 1280 quia
950 1237 1054 1269 beata
1081 1243 1133 1269 est
1159 1237 1219 1269 uel
1246 1238 1330 1281 quia
1357 1237 1582 1280 sempiterna,

172 1299 363 1331 conuenire
382 1299 545 1332 uideatur
564 1301 712 1333 eandem
733 1312 812 1334 esse
831 1302 1114 1344 pulcherrimam,
1141 1312 1230 1345 quae
1257 1303 1458 1345 conpositio
1477 1312 1583 1334 mem-

173 1364 330 1402 brorum,
357 1375 447 1408 quae
474 1365 707 1398 conformatio
734 1366 1033 1405 liniamentorum,
1061 1377 1151 1410 quae
1177 1367 1298 1408 figura,
1325 1377 1416 1410 quae
1443 1367 1582 1409 species

82 1430 144 1464 (48)
173 1428 326 1461 humana
352 1434 472 1472 potest
496 1440 576 1462 esse
601 1430 808 1473 pulchrior?
835 1457 950 1465 .....
1004 1432 1110 1473 Quod
1129 1432 1159 1463 si
1178 1432 1334 1464 omnium
1353 1432 1582 1464 animantium

173 1492 320 1525 formam
349 1493 461 1525 uincit
495 1493 650 1530 hominis
684 1495 806 1535 figura,
850 1495 938 1527 deus
965 1500 1081 1527 autem
1108 1496 1265 1528 animans
1294 1501 1356 1533 est,
1396 1507 1437 1528 ea
1471 1496 1582 1538 figura

114 1566 148 1593 20
170 1557 333 1600 profecto
361 1562 426 1596 est,
454 1569 545 1602 quae
570 1557 810 1601 pulcherrima
837 1561 883 1591 sit
909 1560 1075 1593 omnium.
1119 1560 1359 1602 quoniamque
1387 1561 1474 1592 deos
1501 1560 1583 1592 bea—

171 1622 328 1655 tissimus
364 1633 442 1655 esse
476 1628 625 1666 constat,
665 1624 791 1655 beatus
825 1629 940 1656 autem
969 1635 1046 1657 esse
1074 1625 1150 1656 sine
1178 1625 1308 1656 uirtute
1335 1635 1438 1656 nemo
1463 1630 1583 1667 potest

169 1697 235 1719 nec
269 1688 383 1720 uirtus
420 1688 495 1720 sine
526 1688 662 1720 ratione
697 1695 861 1721 constare
897 1699 960 1720 nec
994 1689 1083 1721 ratio
1115 1699 1264 1731 usquam
1298 1689 1414 1722 inesse
1447 1689 1516 1721 nisi
1546 1690 1583 1722 in

288 1860 309 1892 4
337 1859 381 1892 cf.
400 1859 457 1897 41,
479 1859 546 1893 116
573 1859 648 1892 ‘est
676 1871 798 1893 eorum
825 1861 952 1893 eximia
978 1861 1151 1904 quaedam
1171 1866 1427 1904 praestansque
1446 1866 1582 1900 natura,

169 1921 207 1950 ut
228 1928 269 1950 ea
286 1918 416 1951 debeat
438 1919 518 1962 ipsa
540 1930 604 1963 per
627 1930 665 1951 se
685 1919 729 1952 ad
749 1930 788 1952 se
807 1920 994 1952 colendam
1023 1920 1166 1952 allicere
1193 1919 1406 1963 sapientem³
1445 1922 1450 1959 ί
1488 1920 1510 1953 8
1529 1922 1583 1953 ui-

170 1982 243 2009 tam
268 1982 304 2009 et
328 1980 505 2010 actionem
533 1981 667 2011 mentis
697 1984 808 2022 atque
833 1979 933 2011 libri:
977 1989 1063 2011 corr.
1093 1979 1240 2011 Beierus
1301 1978 1307 2020 Ι
1368 1978 1507 2012 10—22
1536 1980 1581 2013 cf.

168 2036 227 2076 27,
256 2036 302 2070 76
339 2036 431 2069 ‘non
458 2038 560 2070 deest
588 2038 657 2070 hoc
683 2038 766 2070 loco
792 2028 897 2082 copia
922 2039 1108 2076 rationum,
1148 2038 1278 2080 quibus
1306 2038 1433 2071 docere
1459 2038 1581 2070 uelitis

167 2098 338 2132 humanas
366 2108 446 2130 esse
470 2098 600 2130 formas
628 2098 791 2130 deorum:
818 2098 969 2141 primum
995 2097 1092 2141 quod
1119 2097 1168 2129 ita
1196 2098 1241 2129 sit
1265 2097 1492 2130 informatum
1511 2097 1582 2142 [an-

169 2156 365 2201 ticipatum]
389 2157 570 2190 mentibus
598 2158 741 2195 nostris,
778 2163 816 2189 ut
839 2157 987 2196 homini,
1024 2167 1101 2189 cum
1129 2157 1173 2189 de
1201 2157 1269 2188 deo
1298 2158 1442 2197 cogitet,
1470 2158 1581 2189 forma

171 2221 330 2249 occurrat
357 2216 526 2255 humana;
573 2215 705 2248 deinde
737 2216 844 2258 quod.
886 2216 1054 2259 quoniam
1089 2216 1193 2247 rebus
1231 2215 1397 2247 omnibus
1431 2217 1583 2249 excellat

168 2279 293 2307 natura
319 2275 452 2313 diuina,
479 2275 593 2307 forma
617 2285 760 2318 quoque
785 2286 864 2307 esse
889 2275 1127 2318 pulcherrima
1153 2275 1294 2313 debeat,
1321 2285 1386 2306 nec
1413 2285 1492 2307 esse
1519 2276 1581 2308 hu-

167 2343 270 2366 mana
294 2333 404 2366 ullam
429 2333 688 2377 pulchriorem:
716 2335 853 2366 tertiam
881 2334 1053 2366 rationem
1081 2333 1238 2372 adfertis,
1264 2334 1361 2377 quod
1387 2334 1487 2366 nulla
1512 2335 1582 2367 alia

168 2391 281 2434 figura
311 2392 534 2425 domicilium
565 2394 695 2426 mentis
731 2404 809 2426 esse
841 2392 974 2436 possit'
1034 2393 1039 2435 Ι
1103 2392 1150 2426 20
1175 2392 1232 2437 sit]
1259 2398 1315 2425 est
1338 2393 1544 2434 Maduigius
1578 2393 1583 2436 Ι

168 2451 211 2484 21
229 2462 281 2494 sq.
309 2452 352 2485 cf.
371 2451 487 2490 31,89
514 2452 656 2485 ‘beatos
685 2463 764 2485 esse
791 2453 880 2485 deos
908 2452 1101 2495 sumpsisti.
1129 2471 1172 2475 —
1199 2452 1341 2484 beatum
1361 2457 1475 2484 autem
1500 2462 1580 2484 esse

170 2511 246 2543 sine
280 2510 410 2542 uirtute
444 2511 621 2544 neminem
655 2522 776 2554 posse.
808 2530 855 2535 —
887 2512 1053 2543 uirtutem
1081 2515 1198 2543 autem
1233 2511 1309 2543 sine
1336 2510 1471 2543 ratione
1499 2521 1580 2542 con-

169 2575 260 2601 stare
289 2579 361 2601 non
393 2580 514 2612 posse.
550 2588 593 2593 —
631 2571 807 2611 adiungis,
845 2580 912 2602 nec
944 2570 1115 2602 rationem
1148 2580 1228 2601 esse
1260 2570 1329 2601 nisi
1363 2569 1400 2601 in
1426 2569 1579 2601 hominis

169 2627 297 2669 figura'
343 2627 350 2670 Ι
395 2627 442 2661 22
458 2639 509 2671 sq.
536 2629 580 2663 cf.
599 2629 657 2667 31,
676 2629 721 2664 87
748 2629 958 2672 ‘numquam
988 2629 1076 2667 uidi,
1101 2629 1228 2671 inquit,
1257 2628 1405 2661 animam
1432 2628 1581 2660 rationis

171 2686 371 2730 consilique
404 2687 612 2731 participem
645 2688 682 2720 in
714 2688 790 2721 ulla
822 2688 894 2721 alia
924 2688 993 2720 nisi
1019 2687 1170 2720 humana
1196 2687 1323 2730 figura‘
1353 2692 1386 2720 et
1412 2687 1469 2725 35,
1497 2686 1542 2720 98
1579 2685 1583 2732 Ι

168 2745 214 2780 22
244 2747 282 2778 in
309 2747 465 2780 seruauit
491 2747 520 2779 B

1627 923 1686 947 .18
