1842 3250
294 229 363 264 180
749 232 953 263 EPICVRI
987 232 1249 264 CANONICA
1566 233 1607 267 fr.
1634 233 1703 267 247

293 344 427 387 τασίας
453 345 689 380 καθεστάναι.
734 347 794 379 καὶ
822 347 881 379 ἐπὶ
908 348 985 379 τῶν
1013 346 1108 380 κατὰ
1136 346 1246 389 μέρος
1271 346 1316 380 τὸ
1342 346 1606 390 παραπλήσιον
1633 347 1703 391 χρὴ
1727 355 1795 388 (2⁰4

289 408 514 450 λογίζεσθαι.
564 410 612 443 τὸ
641 410 719 452 γὰρ
746 410 886 454 ὁρατὸν
914 412 958 444 οὐ
986 411 1102 451 μόνον
1135 410 1309 454 φαίνεται
1341 411 1482 454 ὁρατὸν
1518 410 1611 446 ἀλλὰ
1642 411 1703 446 καὶ

290 474 369 508 ἔστι
395 476 583 508 τοιοῦτον»
600 474 736 509 ὁποῖον
761 474 955 517 φαίνεται·
983 475 1042 508 καί
1069 475 1114 508 τὸ
1141 475 1332 509 ἀκουστὸν
1358 477 1402 510 οὑ
1430 476 1548 517 μόνον
1573 475 1702 518 φαίνε-

287 548 349 572 ται
376 537 566 572 ἀκουστὸν
592 538 686 574 ἀλλὰ
719 540 779 573 καὶ
804 542 886 580 ταῖς
911 538 1101 582 ἀληθείαις
1131 543 1308 574 τοιοῦτον
1335 540 1514 583 ὑπῆρχεν,
1557 541 1617 575 καὶ
1643 540 1704 576 ἐπὶ

288 605 367 636 τῶν
399 603 523 637 ἄλλων
558 603 752 645 ὡσαύτως.
792 603 961 645 γίνονται
994 604 1064 638 οὖν
1098 606 1215 638 πᾶσαι
1242 605 1278 638 αἱ
1305 603 1510 647 φαντασίαι
1543 605 1702 647 ἀληθεῖς.
1728 612 1744 638 5
1797 577 1804 648 ,ί

290 668 350 701 καὶ
378 667 472 701 κατὰ
499 667 630 708 λόγον·
659 666 690 701 εἰ
715 667 788 708 γὰρ
815 667 957 709 ἀληθὴς
982 666 1157 709 φαίνεται
1184 667 1386 710 φαντασία
1413 669 1530 710 φασὶν
1555 666 1591 702 οἱ
1609 667 1702 702 Ἐπι-
1727 675 1808 710 (205)

290 732 465 774 κούρειοι,
505 731 599 765 ὅταν
627 731 701 764 ἀπὸ
729 732 967 774 ὑπάρχοντός
999 742 1039 766 τε
1068 732 1127 765 καὶ
1155 733 1236 765 κατ’
1263 732 1357 766 αὐτὸ
1383 732 1427 765 τὸ
1453 733 1624 775 ὑπάρχον
1650 731 1703 773 γί-

289 806 410 838 νηται,
451 799 555 830 πᾶσα
591 797 632 830 δὲ
666 796 859 838 φαντασία
897 796 971 831 ἀπὸ
1007 797 1246 839 ὑπάρχοντος
1280 800 1350 831 τοῦ
1383 800 1608 840 φανταστοῦ
1643 798 1703 831 καὶ

290 861 371 894 κατ’
397 861 492 895 αὐτὸ
519 861 563 894 τὸ
589 861 813 907 φανταστὸν
846 860 1078 902 συνίσταται,
1118 864 1221 895 πᾶσα
1254 862 1334 895 κατ’
1362 861 1532 904 ἀνάγκην
1560 872 1704 904 φαντα-
1727 872 1745 897 9
1795 874 1799 883 ·

289 924 351 959 σία
371 924 474 959 ἐστὶν
500 925 654 968 ἀληθής.
685 926 851 969 ἐξαπατᾷ
878 927 919 959 δὲ
947 925 1070 966 ἐνίους
1095 927 1118 968 ἡ
1146 927 1311 968 διαφορὰ
1337 928 1415 959 τῶν
1442 926 1517 960 ἀπὸ
1543 929 1613 960 τοῦ
1638 927 1703 961 αὐ·
1728 914 1806 973 (94)οῇ

288 992 358 1023 τοῦ
378 989 562 1032 αἰσθητοῦ
590 989 673 1024 οἷον
700 991 842 1034 ὁρατοῦ
871 992 1069 1024 δοκουσῶν
1089 989 1340 1033 προσπίπτειν
1360 993 1593 1033 φαντασιῶν,
1621 991 1703 1025 καθ’
1803 992 1806 996 ’

289 1054 336 1096 ἣν
372 1054 394 1096 ἢ
431 1054 678 1097 ἀλλοιόχρουν
718 1055 741 1096 ἢ
775 1055 1052 1097 ἀλλοιόσχημον
1091 1055 1110 1096 ἢ
1146 1056 1267 1095 ἄλλως
1305 1065 1386 1096 πως
1431 1055 1704 1097 ἐξηλλαγμένον

290 1118 465 1162 φαίνεται
497 1119 543 1153 τὸ
560 1118 838 1161 ὑποκείμενον·
890 1119 1109 1162 ὑπενόησαν
1140 1119 1212 1162 γὰρ
1245 1120 1303 1154 ὅτι
1334 1122 1413 1153 τῶν
1446 1120 1548 1154 οὕτω
1576 1120 1703 1162 διαφε-

289 1186 442 1227 ρουσῶν
475 1185 536 1218 καὶ
563 1185 787 1227 μαχομένων
814 1186 1039 1226 φαντασιῶν
1066 1185 1121 1218 δεῖ
1147 1186 1218 1227 τὴν
1245 1185 1312 1227 μέν
1338 1196 1422 1219 τινα
1449 1185 1571 1228 ἀληθῆ
1598 1187 1703 1229 εἶναι,

289 1250 360 1291 τὴν
380 1250 411 1282 δ’
433 1249 473 1284 ἐκ
499 1252 579 1283 τῶν
607 1249 789 1284 ἐναντίων
816 1250 940 1292 ψευδῆ
967 1251 1177 1292 τυγχάνειν.
1212 1251 1231 1284 ὅ
1258 1250 1329 1294 πέρ
1356 1251 1458 1284 ἑστιν
1486 1247 1618 1293 εὔηθες
1644 1252 1703 1285 καὶ
1730 1260 1762 1286 15
1788 1264 1796 1298 ,ι

291 1313 440 1357 ἀνδρῶν
474 1314 523 1356 μὴ
558 1315 813 1358 συνορώντων
847 1316 917 1356 τὴν
952 1315 992 1348 ἐν
1024 1318 1101 1356 τοῖς
1135 1315 1218 1349 οῦσι
1250 1315 1376 1357 φύσιν.
1430 1315 1476 1349 οὐ
1510 1315 1581 1358 γὰρ
1615 1315 1704 1350 ὅλον
1729 1303 1807 1365 (2οῂ

290 1380 424 1421 ὁρᾶται
449 1379 494 1412 τὸ
522 1379 753 1422 στερέμνιον,
792 1379 855 1414 ἵνα
886 1380 945 1413 ἐπὶ
972 1382 1049 1413 τῶν
1078 1381 1229 1423 ὁρατῶν
1257 1380 1452 1421 ποιώμεθα
1483 1379 1552 1413 τὸν
1578 1379 1704 1421 λόγον,
1727 1404 1730 1406 -

291 1443 384 1477 ἀλλὰ
409 1443 455 1476 τὸ
482 1445 613 1486 χρῶμα
646 1447 716 1477 τοῦ
750 1444 982 1487 στερεμνίου.
1034 1447 1103 1478 τοῦ
1131 1444 1171 1478 δὲ
1198 1444 1398 1486 χρώματος
1425 1444 1470 1478 τὸ
1504 1444 1570 1486 μέν
1603 1445 1706 1479 ἐστιν

291 1506 349 1541 ἐπ’
385 1508 504 1542 αὐτοῦ
537 1511 608 1542 τοῦ
639 1509 874 1552 στερεμνίου,
915 1509 1010 1543 καθά
1046 1520 1116 1552 περ
1151 1509 1211 1543 ἐπὶ
1246 1511 1323 1542 τῶν
1358 1509 1542 1550 σύνεγγυς
1574 1509 1634 1542 καὶ
1665 1509 1706 1543 ἐκ

289 1574 359 1605 τοῦ
387 1571 539 1615 μετρίου
568 1573 824 1616 διαστήματος
850 1575 1092 1616 βλεπομένων
1137 1574 1182 1607 τὸ
1203 1573 1234 1607 δ’
1255 1574 1362 1614 ἐκτὸς
1388 1576 1457 1607 τοῦ
1485 1572 1705 1616 στερεμνίου
1730 1571 1789 1607 20⁷

292 1637 360 1671 κάν
385 1641 464 1679 τοῖς
491 1638 628 1681 ἑφεξῆς
654 1639 787 1680 τόποις
813 1638 1074 1681 ὑποκείμενον,
1098 1639 1202 1683 Γκαθά
1221 1649 1292 1683 περ
1318 1640 1377 1673 ἐπὶ
1403 1641 1482 1673 τῶν
1501 1638 1542 1672 ἐκ
1562 1640 1706 1680 μακροῦ

292 1702 548 1745 διαστήματος
573 1704 867 1746 θεωρουμένων·
911 1707 1027 1738 τοῦτο
1060 1705 1098 1737 δὲ
1127 1704 1166 1738 ἐν
1195 1706 1249 1747 τῷ
1277 1704 1413 1745 μεταξὺ
1441 1702 1706 1744 ἑξαλλαττόμε·

289 1777 357 1800 νον
385 1768 445 1801 καὶ
470 1767 567 1801 ἴδιον
595 1767 874 1809 ἀναδεχόμενον
900 1771 1023 1810 σχῆμα
1050 1768 1231 1810 τοιαύτην
1258 1767 1464 1801 ἀναδίδωσι
1481 1766 1707 1809 φαντασίαν,

291 1834 426 1865 ὁποῖον
456 1833 517 1865 καὶ
545 1832 640 1866 αὐτὸ
667 1834 748 1866 κατ’
766 1832 944 1874 ἀλήθειαν
972 1833 1177 1867 ὑπόκειται.
1207 1833 1251 1866 ὅν
1270 1843 1340 1876 περ
1360 1832 1429 1866 οὖν
1446 1832 1591 1875 τρόπον
1618 1832 1707 1865 οὔτε
1732 1837 1806 1880 (298)

292 1896 314 1938 ἡ
350 1896 391 1930 ἐν
425 1899 479 1939 τῷ
512 1897 733 1941 κρουομένῳ
765 1897 981 1939 χαλκώματι
1013 1898 1125 1939 φωνὴ
1161 1897 1378 1931 ἐξακούεται
1411 1896 1501 1931 οὔτε
1528 1897 1551 1938 ἡ
1579 1896 1619 1930 ἑν
1652 1897 1706 1938 τῷ
1732 1902 1764 1928 25

291 1962 451 2002 στόματι
477 1964 547 1996 τοῦ
575 1963 804 2005 κεκραγότος
831 1962 909 1997 ἀλλ’
936 1963 960 2004 ἡ
989 1961 1285 2006 προσπίπτουσα
1312 1965 1358 2004 τῇ
1385 1962 1550 2004 ἡμετέρᾳ
1577 1959 1706 2001 uicera-

292 2032 365 2066 σει,
404 2025 464 2058 καί
501 2024 551 2066 ὡς
584 2024 708 2066 οὐθείς
746 2034 840 2068 φησι
874 2026 941 2059 τὸν
976 2025 1013 2059 ἐξ
1045 2025 1316 2066 ἀποστήματος
1351 2027 1482 2068 μικρᾶς
1517 2025 1708 2060 ἀκούοντα

293 2089 426 2130 φωνῆς
458 2090 611 2130 ψευδῶς
644 2089 813 2131 ἀκούειν,
853 2089 933 2124 ἐπεί
965 2100 1035 2132 περ
1070 2090 1254 2131 σύνεγγυς
1297 2090 1417 2124 ἐλθὼν
1452 2089 1504 2131 ὡς
1539 2088 1708 2131 μείζονος
1775 2078 1778 2079 ⁷

292 2154 435 2196 ταύτης
455 2153 779 2196 ἀντιλαμβάνεται,
807 2155 931 2195 οὕτως
951 2155 1020 2188 οὐκ
1047 2155 1092 2187 ἂν
1120 2154 1255 2195 εἴποιμι
1275 2155 1483 2196 ψεύδεσθαι
1508 2154 1579 2196 τὴν
1606 2154 1706 2196 ὄψιν,

293 2217 351 2251 ὅτι
372 2218 412 2252 ἐκ
432 2222 576 2262 μακροῦ
603 2220 670 2261 μὲν
698 2219 952 2262 διαστήματος
978 2220 1110 2263 μικρὸν
1138 2221 1208 2263 ὁρᾷ
1233 2220 1301 2253 τὸν
1328 2220 1475 2263 πύργον
1493 2220 1555 2253 καί
1572 2228 1706 2262 στρογ·
1731 2229 1766 2255 3⁰

294 2283 422 2325 γύλον,
452 2284 491 2318 ἐκ
520 2284 560 2318 δὲ
586 2287 655 2318 τοῦ
684 2285 868 2326 σύνεγγυς
896 2284 1046 2325 μείζονα
1074 2286 1133 2318 καὶ
1159 2285 1412 2328 τετράγωνον,
1447 2284 1541 2319 ἀλλὰ
1567 2285 1707 2326 μᾶλλον

294 2348 504 2391 ἀληθεύειν,
533 2350 591 2383 ὅτι
618 2350 677 2383 καὶ
705 2350 769 2384 ὅτε
796 2349 969 2392 φαίνεται
998 2350 1128 2393 μικρὸν
1156 2350 1253 2394 αὐτῇ
1279 2350 1324 2383 τὸ
1352 2349 1534 2392 αἰσθητὸν
1553 2349 1613 2382 καὶ
1630 2359 1708 2383 τοι·
1731 2342 1810 2386 (2θῖ

294 2414 547 2456 ουτόσχημον,
589 2415 711 2455 ὄντως
744 2415 823 2448 ἐστὶ
856 2415 986 2458 μικρὸν
1020 2416 1079 2449 καὶ
1111 2416 1425 2457 τοιουτόσχημον,
1464 2417 1511 2458 τῇ
1545 2413 1605 2448 διὰ
1638 2415 1707 2447 τοῦ

293 2477 404 2521 ἀέρος
436 2481 537 2521 φορᾷ
571 2477 898 2521 ἀποθραυομένων
929 2481 1007 2513 τῶν
1042 2479 1137 2513 κατὰ
1168 2479 1215 2512 τὰ
1250 2478 1386 2514 εἴδωλα
1418 2478 1605 2522 περάτων,
1648 2478 1708 2512 καὶ

294 2543 358 2577 ὅτε
385 2543 481 2585 μέγα
508 2543 620 2577 πάλιν
648 2544 708 2577 καὶ
734 2543 1022 2587 ἀλλοιόσχημον,
1051 2544 1162 2578 πάλιν
1190 2543 1329 2585 ὁμοίως
1355 2544 1451 2585 μέγα
1477 2544 1537 2578 καὶ
1564 2542 1707 2577 ἀλλοιό-
1732 2547 1765 2574 ³5
1804 2584 1805 2587 Ἰ

295 2616 452 2650 σχημον,
492 2608 566 2650 ἤδη
593 2608 724 2650 μέντοι
751 2609 797 2642 οὐ
823 2608 868 2643 τὸ
895 2609 990 2643 αὐτὸ
1016 2608 1214 2651 ἀμφότερα
1247 2608 1448 2649 καθεστώς.
1493 2610 1609 2642 τοῦτο
1635 2606 1708 2650 γὰρ

417 2755 438 2788 7
464 2766 504 2790 τε
531 2755 734 2788 Bekkerus:
762 2766 803 2798 γε
829 2756 912 2788 libri
960 2756 967 2799 Ι
1011 2756 1056 2790 20
1082 2758 1152 2790 τοῦ
1179 2761 1258 2788 ante
1281 2754 1434 2798 μετρίου
1463 2755 1654 2788 delendum
