1842 3250
47 351 117 385 272

86 937 118 962 10

83 1604 117 1629 20

626 238 832 270 EPICVRI
862 240 927 269 PH
934 238 1076 270 YSICA
1493 234 1561 270 193

263 350 413 386 Snxwvs
441 364 531 396 emp.
559 353 640 386 adu.
668 353 824 393 dogmat.
852 360 881 385 n
908 351 1031 392 (math.
1051 351 1138 395 vm)
1158 352 1227 386 329
1256 350 1473 395 Ἐπίκουρος
1500 352 1561 386 δο-

143 421 197 452 κεῖ
233 417 486 460 ἰσχυροτάτην
518 416 725 451 τεθεικέναι
761 416 952 450 ἀπόδειξιν
991 418 1043 457 εἰς
1075 417 1120 450 τὸ
1156 418 1251 451 εἶναι
1291 417 1402 450 κενὸν
1434 416 1561 450 τοιαύ-

140 490 229 524 την·
264 480 301 516 εἰ
328 482 425 516 ἔστι
452 479 647 523 κίνησις,
675 481 772 514 ἔστι
800 481 953 515 κενόν·
981 481 1092 515 ἀλλὰ
1120 482 1204 523 μὴν
1232 481 1331 515 ἔστι
1361 480 1558 523 κίνησις·

142 546 271 580 ἔστιν
299 546 383 589 ἄρα
411 546 559 579 κενόν.
586 545 728 588 ταύτης
756 545 795 579 δέ
823 547 890 586 τῆς
917 544 1146 586 ἀποδείξεως
1171 545 1217 579 τὰ
1246 544 1422 587 λήμματα
1442 543 1560 586 εἰμὲν

141 613 396 653 συνεχωρεῖτο
422 609 516 653 πρὸς
542 609 710 651 πάντων,
741 609 778 644 ἐξ
805 609 971 652 ἀνάγκης
998 610 1043 643 ἂν
1071 611 1130 643 καί
1157 610 1228 652 τὴν
1256 609 1444 653 ἐπιφορὰν
1462 610 1560 652 εἶχεν

141 673 430 709 ἀκολουθοῦσαν
463 674 591 715 αὐτοῖς
625 674 686 708 καὶ
719 673 793 707 ὑπὸ
826 674 983 708 πάντων
1015 674 1379 717 παραχωρουμένην.
1431 676 1500 707 νῦν
1528 673 1559 707 δ’

141 738 350 781 ἑνὲστησάν
376 749 476 780 τινες
501 739 640 783 τούτῳ,
680 739 777 781 φημὶ
804 739 844 773 δὲ
870 742 925 783 τῷ
953 740 1002 780 μὴ
1030 739 1260 780 συνάγεσθαι
1292 742 1372 780 τοῖς
1395 738 1561 781 λήμμασι

140 804 211 846 τὴν
238 803 438 847 ἐπιφοράν,
465 803 511 837 οὐ
539 803 599 837 διὰ
623 803 668 837 τὸ
695 804 744 846 μὴ
772 803 995 838 ἀκολουθεῖν
1022 804 1143 846 αὐτὴν
1170 802 1338 845 ἐκείνοις,
1378 803 1471 838 ἀλλὰ
1499 802 1559 837 διὰ

140 868 184 902 τὸ
212 869 335 903 ἐκεῖνα
363 869 457 903 εἶναι
483 869 607 911 ψευδῆ
636 869 696 902 καὶ
725 868 952 910 ἀνομόλογα.

140 933 238 966 idem
265 934 353 965 ibid.
382 934 451 966 314
492 934 600 968 ἔνθεν
633 934 693 967 καὶ
719 933 845 974 οὕτως
871 933 992 975 αὐτὴν
1019 933 1329 976 ὑπογράφουσιν·
1374 932 1561 974 ἀπόδειξίς

141 998 221 1032 ἑστι
249 999 360 1040 λόγος
387 998 433 1032 δι’
461 998 779 1039 ὁμολογουμένων
806 998 1015 1040 λημμάτων
1040 998 1137 1032 κατὰ
1165 998 1394 1039 συναγωγὴν
1424 998 1557 1040 ἐπιφο-

141 1062 210 1104 ρὰν
240 1061 487 1096 ἑκκαλύπτων
522 1062 675 1104 ἄδηλον,
717 1060 798 1096 οἷον
826 1063 846 1096 ὁ
872 1064 1067 1103 τοιοῦτος·
1113 1060 1143 1096 εἰ
1177 1062 1255 1096 ἐστι
1289 1061 1443 1105 κίνησις,
1481 1063 1560 1096 ἔστι

140 1126 271 1161 κενόν·
300 1126 393 1161 ἀλλὰ
421 1127 494 1169 μὴν
521 1127 600 1161 ἔστι
627 1126 787 1170 κίνησις·
822 1127 925 1161 ἐστιν
953 1128 1025 1170 ἄρα
1051 1127 1173 1161 κενόν.
1211 1127 1255 1160 τὸ
1282 1127 1354 1170 γὰρ
1381 1128 1475 1161 εἶναι
1502 1137 1559 1161 κε-

140 1192 209 1225 νὸν
244 1191 386 1235 ἄδηλόν
421 1191 452 1225 τ’
480 1192 560 1226 ἐστὶ
594 1192 654 1226 καί
688 1191 734 1225 δι’
763 1192 916 1234 ἀληθῶν
952 1192 1055 1226 δοκεῖ
1087 1195 1156 1225 τοῦ
1192 1201 1234 1225 τε
1266 1191 1315 1225 ‘ei
1347 1192 1426 1225 ἔστι
1459 1190 1560 1235 κίνη-

101 1263 117 1288 5
141 1264 208 1298 σις,
244 1256 324 1290 ἔστι
351 1255 478 1290 κενόν’
506 1256 566 1290 καὶ
594 1258 663 1290 τοῦ
691 1256 788 1290 (ἔστι
815 1256 855 1290 δὲ
885 1255 1047 1299 κίνησις’
1074 1256 1170 1290 κατὰ
1197 1256 1426 1297 συναγωγὴν
1453 1256 1561 1290 ἐκκα-

139 1320 359 1355 λύπτεσθαι.

261 1400 487 1435 SIMPLICIVS
512 1403 548 1434 in
572 1402 685 1435 Arist.
710 1401 812 1445 phys.
838 1401 872 1435 Δ
900 1402 920 1434 5
947 1406 1034 1434 extr.
1062 1400 1112 1444 (p.
1128 1401 1216 1434 213³
1240 1401 1297 1445 10)
1326 1402 1454 1435 ι“.140ιι
1470 1402 1560 1436 Ald.

139 1478 175 1511 p.
196 1467 283 1501 379¹³
303 1468 347 1501 24
375 1468 507 1501 Brand.
547 1466 673 1502 ἰστέον
699 1467 769 1501 οὖν
796 1467 854 1501 ὅτι
880 1469 959 1500 τῶν
989 1467 1074 1510 περὶ
1109 1467 1232 1501 τόπου
1264 1477 1299 1500 τι
1325 1466 1560 1510 γραψάντων

141 1531 178 1566 οἳ
211 1532 278 1573 μὲν
309 1535 419 1573 σῶμα
450 1532 520 1566 τὸν
551 1533 674 1567 τόπον
707 1531 743 1567 οἳ
773 1533 813 1566 δε
840 1532 1045 1574 ἀσώματον
1078 1532 1265 1566 ὑπέθεντο
1413 1534 1492 1565 τῶν
1519 1532 1560 1566 δὲ

141 1595 347 1638 ἀσώματον
364 1597 558 1638 λεγόντων
584 1596 620 1631 οἳ
647 1597 714 1639 μὲν
744 1597 867 1640 πάντῃ
895 1597 1126 1631 ἀδιάστατον
1155 1595 1189 1630 οἳ
1215 1597 1254 1631 δὲ
1281 1597 1484 1630 διαστατόν
1503 1596 1559 1631 λέ-

138 1669 250 1702 γουσι
277 1688 284 1695 .
301 1688 307 1695 .
326 1688 333 1695 .
361 1664 439 1695 τῶν
459 1662 499 1696 δὲ
518 1662 723 1696 διαστατόν
749 1662 940 1704 λεγόντων
960 1662 996 1696 οἳ
1015 1663 1081 1705 μὲν
1101 1662 1161 1696 ἐπὶ
1181 1662 1249 1696 δύο
1269 1662 1457 1696 διεστῶτα
1480 1688 1486 1695 .
1504 1687 1510 1695 .
1527 1688 1534 1695 .
1550 1688 1558 1703 ,

140 1724 175 1759 οἳ
200 1726 240 1760 δὲ
265 1726 325 1759 ἐπὶ
350 1725 452 1769 τρία·
479 1726 539 1760 καὶ
566 1726 715 1761 τούτων
743 1726 778 1760 οἳ
804 1727 870 1767 μὲν
898 1726 1023 1771 πάντῃ
1051 1726 1263 1769 ἀδιάφορον
1291 1725 1353 1760 καί
1379 1736 1473 1760 ποτε
1500 1726 1560 1760 καὶ

140 1790 230 1825 ἄνευ
264 1790 439 1832 σώματος
471 1791 597 1833 μένον,
638 1792 690 1832 ὡς
716 1791 751 1825 οἱ
777 1792 863 1835 περὶ
889 1792 1133 1835 Δημόκριτον
1161 1792 1221 1825 καὶ
1251 1790 1483 1835 Ἐπίκουρον,
1525 1789 1560 1825 οἳ

140 1856 180 1889 δὲ
207 1855 396 1898 διάστημα
422 1856 483 1890 καί
510 1855 568 1890 ἀεὶ
594 1858 704 1898 σῶμα
732 1857 821 1899 ἔχον
846 1858 906 1890 καὶ
934 1856 1150 1898 ἐπιτήδειον
1178 1856 1273 1900 πρὸς
1299 1856 1473 1897 ἕκαστον,
1509 1855 1560 1897 ὡς

83 1929 106 1953 ⁶2.
140 1919 175 1954 οἱ
201 1920 340 1954 κλεινοὶ
366 1922 444 1954 τῶν
471 1919 732 1955 Πλατωνικῶν
758 1922 818 1955 καί
846 1922 866 1955 ὁ
891 1921 1148 1964 Λαμψακηνὸς
1175 1921 1367 1964 Στράτων.

139 1985 183 2018 cs.
211 1985 234 2018 f.
256 1985 342 2017 144¹·
368 1985 480 2019 πάλιν
508 1985 549 2020 δὲ
575 1985 623 2020 αὖ
649 1987 728 2019 τῶν
754 1985 799 2019 τὸ
826 1986 938 2020 κενὸν
964 1986 1059 2020 αὐτὸ
1087 1986 1297 2028 τιθεμένων
1315 1984 1352 2020 οἳ
1369 1985 1436 2027 μὲν
1456 1985 1559 2019 ἄπει-

138 2059 207 2092 ρον
234 2049 329 2084 εἶναι’
355 2059 450 2092 φασι
475 2051 537 2084 καὶ
563 2040 806 2094 ὑπερβάλλω)
827 2050 978 2095 ἀπειρίᾳ
1003 2050 1051 2084 τὰ
1080 2051 1240 2092 σώματα
1267 2050 1328 2084 καὶ
1355 2049 1415 2084 διὰ
1441 2052 1559 2083 τοῦτο

139 2114 231 2149 ἄλλο
265 2114 305 2148 ἑν
339 2115 464 2157 ἄλλοις
497 2116 616 2150 αὐτοῦ
652 2115 779 2159 μέρεσι
812 2115 1132 2158 καταδεχόμενον,
1172 2116 1224 2157 ὡς
1258 2115 1304 2149 ἂν
1341 2115 1489 2157 ἔτυχον,
1528 2113 1560 2149 εἴ

139 2189 210 2223 περ
245 2179 339 2223 μέρη
372 2179 495 2222 λέγειν
529 2181 589 2214 ἐπὶ
619 2183 689 2214 τοῦ
726 2179 886 2224 ἀπείρου
919 2183 1033 2215 κενοῦ
1071 2180 1246 2215 δυνατόν.
1297 2180 1480 2223 τοιαύτην
1518 2179 1559 2214 δὲ

138 2245 224 2287 περὶ
250 2244 370 2278 αὐτοῦ
397 2245 509 2280 δόξαν
537 2245 736 2289 ἐσχηκέναι
763 2246 943 2279 δοκοῦσιν
969 2244 1004 2280 οἱ
1029 2246 1117 2288 περὶ
1141 2244 1384 2289 Δημόκριτον
1411 2244 1559 2288 ἀρχαῖοι

139 2308 374 2351 φυσιολόγοι.

139 2371 362 2407 Suu-mcws
393 2374 429 2406 in
455 2375 568 2406 Arist.
601 2374 705 2417 phys.
733 2374 767 2408 Δ
796 2374 817 2407 4
844 2373 894 2418 (p.
915 2372 1004 2407 211¹*
1023 2374 1060 2416 7)
1087 2374 1109 2406 f.
1134 2374 1217 2406 133¹
1258 2373 1319 2407 καὶ
1350 2373 1468 2416 φησὶν
1500 2372 1559 2407 ὅτι

138 2437 326 2481 ’τέσσαρά
355 2438 469 2481 ἐστιν,
496 2438 551 2472 ὧν
577 2437 724 2481 ἀνάγκη
750 2438 819 2472 τὸν
843 2438 966 2472 τόπον
992 2438 1033 2472 ἕν
1060 2448 1095 2471 τι
1124 2436 1255 2472 εἶναι’·
1290 2437 1313 2479 ἢ
1340 2437 1412 2480 γὰρ
1438 2436 1483 2471 τὸ
1510 2436 1558 2472 εἷ-

264 2581 285 2613 3
311 2580 425 2623 ipsius
443 2582 592 2624 Epicuri
618 2582 728 2614 uerba
755 2592 834 2614 esse
862 2592 948 2614 caue
975 2581 1112 2614 credas.
1140 2581 1170 2613 is
1190 2581 1357 2622 negatiua
1376 2591 1559 2622 argumen-

141 2638 278 2670 tatione
297 2640 346 2671 uti
365 2639 459 2672 solet
477 2640 520 2673 cs.
537 2651 592 2684 ep.
611 2648 624 2673 1
641 2641 687 2673 40
705 2641 808 2673 Lucr.
828 2648 843 2673 1
857 2641 928 2674 335
945 2651 1020 2683 sqq.
1042 2639 1113 2673 426
1127 2650 1194 2679 sm,
1212 2651 1319 2682 supra
1337 2651 1370 2683 p.
1388 2640 1468 2677 181,
1483 2640 1528 2673 23
1556 2638 1560 2683 Ι

145 2697 182 2729 11
212 2697 411 2740 Epicureis,
439 2709 510 2730 non
538 2699 695 2741 Epicuro
722 2700 812 2731 hanc
840 2698 1083 2731 definitionem
1109 2699 1260 2732 tribuas.
1287 2699 1330 2731 cf.
1349 2699 1559 2731 Gassendus

141 2757 261 2797 1›.133
305 2754 320 2799 ΙΙ
361 2756 408 2789 22
437 2756 473 2790 οἳ
501 2757 541 2790 δὲ
568 2757 628 2791 ἐπὶ
654 2756 739 2800 τρία
765 2768 822 2789 om
850 2757 970 2788 Aldus

1250 2822 1293 2855 13
