1842 3250
210 241 281 275 316
707 239 914 272 EPICVRI
940 238 1127 272 ETHICA

210 357 277 396 Θῶ,
303 353 468 396 ἀλλαχοῦ
496 354 536 388 δὲ
558 353 604 387 τὸ
631 354 757 396 καλόν,
786 354 911 395 οὕτως
936 352 1088 396 ἰσχυρὸς
1113 352 1256 395 γίνεται
1281 355 1302 388 ὁ
1322 354 1543 399 Ἐπικούρου
1561 356 1622 390 λό-

209 428 277 460 γος
303 417 531 462 ἀποφαίνων
565 418 589 460 ἢ
625 418 776 461 μηδὲν
811 419 937 453 εἶναι
970 418 1023 452 τὸ
1059 418 1206 453 καλὸν
1239 418 1262 460 ἢ
1300 417 1386 462 <εἰ>
1424 419 1530 462 ἄρα,
1570 420 1623 454 τὸ

211 483 424 518 ἔνδοξον.

212 546 354 581 CICERO
387 548 431 579 de
464 546 595 579 finibus
622 554 649 579 Π
684 546 739 585 15,
757 546 804 580 48
835 546 956 590 (supra
987 558 1022 590 p.
1055 547 1135 586 123,
1152 546 1200 591 6).
1256 547 1345 580 ibid.
1373 547 1418 580 49
1445 547 1624 591 ‘philoso-

210 612 303 656 phus
328 612 477 650 nobilis,
503 623 524 644 a
550 622 620 655 quo
651 623 721 644 non
749 611 866 644 solum
892 612 1042 644 Graecia
1076 616 1110 644 et
1135 612 1240 645 Italia
1273 612 1337 645 sed
1370 612 1474 645 etiam
1509 613 1624 645 omnis
1647 621 1663 647 5

211 676 373 709 barbaria
405 681 581 708 commota
615 681 680 715 est,
718 676 949 708 honestum
981 676 1085 718 quid
1113 677 1187 715 sit,
1221 677 1256 708 si
1290 677 1333 708 id
1368 687 1455 709 non
1489 677 1547 709 sit
1582 677 1625 709 in

210 741 456 783 uoluptate,
497 747 625 781 negat
656 750 700 772 se
735 740 1026 780 intellegere,
1067 740 1160 772 nisi
1195 740 1311 772 forte
1349 740 1466 773 illud
1505 741 1622 783 quod

210 805 521 838 multitudinis
548 814 718 837 rumore
742 803 976 837 laudetur’.

210 870 305 902 idem
330 868 475 901 Luculli
500 867 557 912 46,
579 868 648 902 140
674 868 795 913 (supra
822 870 862 902 fr.
890 869 960 902 400
986 879 1019 912 p.
1047 868 1130 907 276,
1151 868 1198 911 6).

331 949 473 984 CICERO
502 950 546 983 de
573 950 702 983 officiis
729 957 772 983 111
800 949 857 989 33,
882 949 948 983 117
981 949 1030 982 ‘si
1056 949 1278 994 (Epicurum)
1305 951 1446 983 audiam
1473 951 1518 983 de
1544 961 1626 983 con·
1650 964 1683 988 10

209 1015 356 1048 tinentia
383 1021 418 1047 et
453 1015 699 1059 temperantia,
735 1014 821 1047 dicit
859 1015 922 1047 ille
954 1015 1099 1058 quidem
1132 1015 1243 1047 multa
1268 1015 1390 1047 multis
1422 1014 1525 1054 locis,
1561 1016 1624 1048 sed

209 1091 299 1123 aqua
324 1080 457 1120 haeret,
486 1085 522 1111 ut
547 1080 655 1112 aiunt.
696 1089 776 1111 nam
805 1079 866 1121 qui
891 1083 1010 1122 potest
1030 1079 1297 1123 temperantiam
1325 1078 1471 1111 laudare
1496 1079 1538 1122 is,
1564 1079 1627 1122 qui

208 1148 317 1187 ponat
351 1153 526 1175 summum
560 1143 694 1175 bonum
725 1143 760 1175 in
798 1142 1005 1185 uoluptate?
1054 1168 1061 1175 .
1084 1167 1093 1175 .
1112 1167 1119 1175 .
1140 1167 1148 1175 .
1167 1167 1174 1175 .
1206 1145 1325 1185 Atque
1355 1142 1392 1174 iu
1426 1143 1481 1174 his
1508 1147 1627 1175 tamen

208 1208 321 1240 tribus
355 1208 567 1249 generibus,
606 1218 754 1251 quoquo
788 1208 897 1240 modo
931 1212 1099 1251 possunt,
1145 1217 1215 1239 non
1249 1206 1421 1239 incallide
1455 1206 1625 1248 tergiuer-

211 1278 340 1306 santur.
380 1272 606 1315 prudentiam
631 1273 858 1304 introducunt
885 1271 1070 1304 scientiam
1097 1271 1385 1314 suppeditantem
1410 1271 1625 1314 uoluptateS,
1652 1281 1683 1307 15

210 1337 452 1380 depellentem
483 1337 642 1370 dolores.
694 1336 941 1369 fortitudinem
970 1346 1113 1379 quoque
1140 1335 1262 1378 aliquo
1288 1336 1397 1368 modo
1421 1336 1626 1379 expediunt,

210 1412 289 1434 cum
307 1402 450 1434 tradunt
472 1402 643 1434 rationem
668 1401 916 1443 neglegendae
942 1401 1077 1439 mortis,
1104 1400 1328 1445 perpetiendi
1346 1400 1496 1434 doloris.
1523 1400 1629 1433 etiarn

210 1467 477 1510 temperantiam
513 1467 698 1505 inducunt,
737 1477 809 1498 non
843 1465 1010 1498 facillime
1037 1465 1093 1497 illi
1119 1466 1274 1508 quidem,
1312 1466 1376 1498 sed
1402 1470 1518 1497 tamen
1545 1476 1629 1508 quo-

210 1543 281 1575 quo
313 1531 421 1563 modo
453 1535 621 1574 possunt:
664 1531 787 1563 dicunt
818 1530 910 1562 euim
947 1530 1140 1573 uoluptatis
1175 1529 1456 1571 magnitudinem
1490 1529 1626 1562 doloris

211 1595 430 1628 detractione
462 1594 564 1628 finiri.
626 1594 763 1627 iustitia
796 1594 963 1627 uaccillat
989 1594 1048 1625 uel
1073 1594 1164 1626 iacet
1189 1594 1308 1636 potius
1335 1604 1529 1636 omnesque
1565 1603 1626 1625 cae
1649 1604 1683 1628 ‘20

210 1661 358 1692 uirtutes
393 1670 482 1702 quae
515 1660 552 1691 in
578 1659 838 1691 communitate
857 1663 1047 1690 cernuntur
1074 1663 1110 1691 et
1134 1658 1172 1690 in
1198 1659 1369 1690 societate
1395 1659 1536 1699 generis
1563 1658 1627 1690 hu·

211 1725 314 1757 mani.
358 1735 473 1767 neque
506 1724 600 1756 enim
632 1724 775 1756 bonitas
808 1734 872 1756 nec
898 1723 1096 1756 liberalitas
1124 1734 1189 1755 nec
1216 1724 1364 1756 comitas
1391 1734 1469 1755 esse
1495 1727 1626 1766 potest,

212 1800 281 1822 non
300 1789 380 1832 plus
399 1800 504 1833 quam
523 1789 690 1828 amicitia,
719 1789 749 1821 si
767 1789 854 1820 haec
874 1799 945 1821 non
970 1799 1033 1831 per
1052 1798 1089 1821 se
1109 1793 1329 1831 expetantur,
1356 1789 1418 1820 sed
1438 1789 1482 1820 ad
1500 1787 1627 1831 uolup-

212 1859 319 1887 tatem
346 1854 585 1887 utilitatemue
611 1853 835 1887 reserantur’.

212 1919 306 1952 idem
339 1919 384 1951 de
418 1918 548 1952 finibus
582 1926 612 1951 ΙΙ
645 1919 703 1957 12,
727 1918 772 1951 37
813 1918 1039 1958 ‘uirtutibus,
1074 1929 1162 1962 quas
1199 1918 1287 1950 ratio
1319 1927 1435 1950 rerum
1470 1916 1627 1950 omnium
1650 1924 1684 1951 25

213 1983 388 2023 dominas,
415 1990 452 2015 tu
479 1983 702 2027 uoluptatum
729 1983 905 2016 satellites
936 1988 970 2016 et
996 1981 1174 2015 ministras
1202 1993 1281 2015 esse
1308 1981 1485 2016 uoluisti'.

213 2048 257 2081 ef.
291 2048 428 2080 Seneca
465 2047 549 2081 dial.
576 2054 632 2081 vn
670 2048 714 2080 ad
749 2048 956 2080 Gallionem
990 2048 1035 2080 de
1069 2048 1143 2080 uita
1177 2048 1282 2080 beata
1318 2047 1410 2086 13,5
1442 2046 1627 2079 ‘uirtutem

211 2112 373 2155 quidem,
415 2113 694 2145 excelsissimam
730 2113 904 2152 omnium,
945 2112 1124 2156 uoluptati
1160 2112 1301 2145 tradere
1337 2111 1503 2144 ancillam
1536 2110 1627 2144 nihil

213 2187 377 2217 magnum
407 2177 523 2209 animo
551 2177 722 2220 capientis
749 2177 831 2212 est’.

333 2256 589 2292 PLVTARCHVS
624 2259 670 2291 dc
697 2258 806 2292 Stoic.
836 2270 983 2302 repugn.
1009 2259 1056 2293 26
1081 2270 1115 2303 p.
1137 2259 1247 2293 10460
1291 2257 1323 2294 εἰ
1355 2259 1422 2301 μὲν
1455 2257 1525 2292 οὖν
1555 2257 1627 2300 τὴν
1651 2268 1684 2295 30

212 2322 399 2365 φρόνησιν
433 2324 562 2366 ἡγεῖτο
592 2323 843 2367 (Χρύσιππος)
870 2322 1069 2367 ποιητικὸν
1102 2324 1198 2358 εἶναι
1229 2326 1298 2365 τῆς
1324 2321 1563 2366 εὐὸαιμονίας
1593 2331 1627 2357 τι

212 2387 368 2430 ἀγαθόν,
397 2387 520 2429 υὶςπερ
546 2386 566 2421 ὁ
595 2385 812 2430 Ἐπίκουρος
841 2405 908 2420 -.

333 2538 355 2571 2
381 2537 414 2572 εἰ
439 2538 589 2570 inseruit
614 2537 977 2578 Schweighaeuserus
1017 2536 1033 2581 ΙΙ
1074 2537 1120 2572 ‘25
1140 2549 1192 2582 sq.
1219 2537 1270 2569 sic
1299 2537 1492 2570 Cleanthes
1518 2537 1627 2570 uirtu-

213 2602 265 2629 tes
281 2597 425 2640 Epicuri
454 2596 607 2636 imagine
631 2596 695 2628 illa
716 2601 1044 2640 repraesentanerat
1063 2597 1163 2628 cuius
1182 2596 1307 2629 Cicero
1325 2596 1485 2628 meminit
1503 2596 1547 2628 de
1567 2595 1627 2629 fin.

213 2664 238 2688 n
259 2656 317 2692 21.
337 2656 381 2689 69
403 2656 464 2695 (cs.
478 2656 705 2696 Augustinus
725 2657 792 2689 ciu.
812 2656 870 2688 dei
892 2663 909 2688 v
931 2655 1010 2699 2o);
1029 2656 1103 2688 uid.
1123 2656 1227 2687 etiam
1246 2667 1282 2699 1).
1301 2656 1378 2694 123,
1395 2656 1438 2688 14
1467 2652 1484 2700 ΙΙ
1513 2655 1557 2688 31
1578 2654 1626 2697 τι]

212 2714 256 2748 τὸ
283 2714 378 2754 libri,
404 2714 550 2746 delebat
568 2714 754 2746 Rciskius.
796 2714 989 2756 opponitur
1016 2713 1094 2748 ἐπεὶ
1124 2713 1164 2747 δὲ
1191 2714 1214 2756 ἡ
1241 2713 1426 2756 φρόνησις
1452 2713 1522 2754 οὐχ
1547 2712 1625 2746 ἕτε·

212 2774 280 2816 ρύν
308 2774 388 2807 ἐστι
414 2775 481 2815 τῆς
508 2771 748 2815 εὐδαιμονίας
775 2771 856 2806 κατ’
884 2772 1001 2806 αὑτὸν
1029 2772 1106 2807 ἀλλ’
1137 2770 1366 2814 εὐδαιμονία,
1393 2773 1474 2812 πῶς
1501 2772 1577 2805 κτλ.
