<?xml version="1.0" encoding="UTF-8"?>
<!DOCTYPE html PUBLIC "-//W3C//DTD XHTML 1.0 Transitional//EN"
    "http://www.w3.org/TR/xhtml1/DTD/xhtml1-transitional.dtd">
<html xmlns="http://www.w3.org/1999/xhtml" xml:lang="en" lang="en">
 <head>
  <title>
</title>
<meta http-equiv="Content-Type" content="text/html;charset=utf-8" />
  <meta name='ocr-system' content='tesseract 3.04.00' />
  <meta name='ocr-capabilities' content='ocr_page ocr_carea ocr_par ocr_line ocrx_word'/>
</head>
<body>
  <div class='ocr_page' id='page_1' title='image "./epicvreaedidithe00epicuoft/epicvreaedidithe00epicuoft_0331.png"; bbox 0 0 1842 3250; ppageno 0'>
   <div class='ocr_carea' id='block_1_1' title="bbox 140 905 172 930">
    <p class='ocr_par' dir='ltr' id='par_1_1' title="bbox 140 905 172 930">
     <span class='ocr_line' id='line_1_1' title="bbox 140 905 172 930; baseline 0 0"><span class='ocrx_word' id='word_1_1' title='bbox 140 905 172 930; x_wconf 88' lang='lat'>10</span> 
     </span>
    </p>
   </div>
   <div class='ocr_carea' id='block_1_2' title="bbox 139 1227 171 1252">
    <p class='ocr_par' dir='ltr' id='par_1_2' title="bbox 139 1227 171 1252">
     <span class='ocr_line' id='line_1_2' title="bbox 139 1227 171 1252; baseline 0.031 -1"><span class='ocrx_word' id='word_1_2' title='bbox 139 1227 171 1252; x_wconf 80' lang='lat'>15</span> 
     </span>
    </p>
   </div>
   <div class='ocr_carea' id='block_1_3' title="bbox 138 1554 171 1578">
    <p class='ocr_par' dir='ltr' id='par_1_3' title="bbox 138 1554 171 1578">
     <span class='ocr_line' id='line_1_3' title="bbox 138 1554 171 1578; baseline 0.03 -1"><span class='ocrx_word' id='word_1_3' title='bbox 138 1554 171 1578; x_wconf 74' lang='lat'>‘30</span> 
     </span>
    </p>
   </div>
   <div class='ocr_carea' id='block_1_4' title="bbox 136 1872 170 1899">
    <p class='ocr_par' dir='ltr' id='par_1_4' title="bbox 136 1872 170 1899">
     <span class='ocr_line' id='line_1_4' title="bbox 136 1872 170 1899; baseline 0.029 -1"><span class='ocrx_word' id='word_1_4' title='bbox 136 1872 170 1899; x_wconf 77' lang='lat'>⁸25</span> 
     </span>
    </p>
   </div>
   <div class='ocr_carea' id='block_1_5' title="bbox 137 2522 170 2547">
    <p class='ocr_par' dir='ltr' id='par_1_5' title="bbox 137 2522 170 2547">
     <span class='ocr_line' id='line_1_5' title="bbox 137 2522 170 2547; baseline 0 0"><span class='ocrx_word' id='word_1_5' title='bbox 137 2522 170 2547; x_wconf 75' lang='lat'>35</span> 
     </span>
    </p>
   </div>
   <div class='ocr_carea' id='block_1_6' title="bbox 197 205 1613 238">
    <p class='ocr_par' dir='ltr' id='par_1_6' title="bbox 197 205 1613 238">
     <span class='ocr_line' id='line_1_6' title="bbox 197 205 1613 238; baseline 0.001 -1"><span class='ocrx_word' id='word_1_6' title='bbox 197 206 238 237; x_wconf 69' lang='grc' dir='ltr'>[ι’.</span> <span class='ocrx_word' id='word_1_7' title='bbox 266 205 335 237; x_wconf 80' lang='grc'>368</span> <span class='ocrx_word' id='word_1_8' title='bbox 679 205 886 237; x_wconf 60' lang='lat' dir='ltr'>EPRJVRI</span> <span class='ocrx_word' id='word_1_9' title='bbox 913 205 1128 237; x_wconf 65' lang='lat' dir='ltr'><strong>PHYSIQA</strong></span> <span class='ocrx_word' id='word_1_10' title='bbox 1545 206 1613 238; x_wconf 72' lang='lat'>247</span> 
     </span>
    </p>
   </div>
   <div class='ocr_carea' id='block_1_7' title="bbox 192 316 1616 2629">
    <p class='ocr_par' dir='ltr' id='par_1_7' title="bbox 196 316 1614 417">
     <span class='ocr_line' id='line_1_7' title="bbox 196 316 1614 361; baseline 0.001 -10"><span class='ocrx_word' id='word_1_11' title='bbox 196 317 365 361; x_wconf 79' lang='grc' dir='ltr'>φιστῶν’</span> <span class='ocrx_word' id='word_1_12' title='bbox 391 318 414 360; x_wconf 75' lang='grc' dir='ltr'>ἡ</span> <span class='ocrx_word' id='word_1_13' title='bbox 442 317 487 359; x_wconf 89' lang='grc' dir='ltr'>νὴ</span> <span class='ocrx_word' id='word_1_14' title='bbox 516 316 591 351; x_wconf 83' lang='grc' dir='ltr'>Δία</span> <span class='ocrx_word' id='word_1_15' title='bbox 623 318 843 358; x_wconf 83' lang='grc' dir='ltr'>νομοθετῶν</span> <span class='ocrx_word' id='word_1_16' title='bbox 877 317 928 358; x_wconf 85' lang='grc' dir='ltr'>εἰς</span> <span class='ocrx_word' id='word_1_17' title='bbox 959 318 1081 360; x_wconf 89' lang='grc' dir='ltr'>φόβον</span> <span class='ocrx_word' id='word_1_18' title='bbox 1119 319 1177 351; x_wconf 81' lang='grc' dir='ltr'>καὶ</span> <span class='ocrx_word' id='word_1_19' title='bbox 1213 318 1403 360; x_wconf 80' lang='grc' dir='ltr'>ἐπίσχεσιν</span> <span class='ocrx_word' id='word_1_20' title='bbox 1431 321 1509 351; x_wconf 80' lang='grc' dir='ltr'>τῶν</span> <span class='ocrx_word' id='word_1_21' title='bbox 1537 319 1614 353; x_wconf 83' lang='grc' dir='ltr'>ἀδι-</span> 
     </span>
     <span class='ocr_line' id='line_1_8' title="bbox 198 382 380 417; baseline -0.005 -1"><span class='ocrx_word' id='word_1_22' title='bbox 198 382 380 417; x_wconf 86' lang='grc' dir='ltr'>κούντων.</span> 
     </span>
    </p>

    <p class='ocr_par' dir='ltr' id='par_1_8' title="bbox 195 446 1615 676">
     <span class='ocr_line' id='line_1_9' title="bbox 197 446 1525 491; baseline 0.002 -11"><span class='ocrx_word' id='word_1_23' title='bbox 197 448 365 481; x_wconf 77' lang='lat' dir='ltr'>ATTICVS</span> <span class='ocrx_word' id='word_1_24' title='bbox 392 447 541 479; x_wconf 85' lang='lat' dir='ltr'>Eusebii</span> <span class='ocrx_word' id='word_1_25' title='bbox 565 457 684 490; x_wconf 86' lang='lat' dir='ltr'>praep.</span> <span class='ocrx_word' id='word_1_26' title='bbox 713 457 767 479; x_wconf 85' lang='lat' dir='ltr'>eu.</span> <span class='ocrx_word' id='word_1_27' title='bbox 795 454 851 479; x_wconf 77' lang='lat' dir='ltr'>xv</span> <span class='ocrx_word' id='word_1_28' title='bbox 879 447 911 484; x_wconf 77' lang='grc' dir='ltr'>ὃ,</span> <span class='ocrx_word' id='word_1_29' title='bbox 931 448 951 481; x_wconf 89' lang='grc'>9</span> <span class='ocrx_word' id='word_1_30' title='bbox 978 459 1012 491; x_wconf 91' lang='lat' dir='ltr'>p.</span> <span class='ocrx_word' id='word_1_31' title='bbox 1032 448 1121 480; x_wconf 61' lang='lat'>800¹*</span> <span class='ocrx_word' id='word_1_32' title='bbox 1148 446 1270 491; x_wconf 84' lang='lat' dir='ltr'>(supra</span> <span class='ocrx_word' id='word_1_33' title='bbox 1296 459 1330 491; x_wconf 90' lang='lat' dir='ltr'>p.</span> <span class='ocrx_word' id='word_1_34' title='bbox 1350 448 1432 485; x_wconf 81' lang='lat'>241,</span> <span class='ocrx_word' id='word_1_35' title='bbox 1452 447 1525 491; x_wconf 74' lang='lat'><strong>20).</strong></span> 
     </span>
     <span class='ocr_line' id='line_1_10' title="bbox 195 511 1615 556; baseline 0.001 -12"><span class='ocrx_word' id='word_1_36' title='bbox 195 512 284 545; x_wconf 88' lang='lat' dir='ltr'>ibid.</span> <span class='ocrx_word' id='word_1_37' title='bbox 315 512 357 545; x_wconf 87' lang='lat'>13</span> <span class='ocrx_word' id='word_1_38' title='bbox 383 523 416 555; x_wconf 88' lang='lat' dir='ltr'>p.</span> <span class='ocrx_word' id='word_1_39' title='bbox 438 512 525 545; x_wconf 79' lang='lat'>800⁰</span> <span class='ocrx_word' id='word_1_40' title='bbox 562 511 690 545; x_wconf 80' lang='grc' dir='ltr'>αὐτῶν</span> <span class='ocrx_word' id='word_1_41' title='bbox 728 513 821 554; x_wconf 83' lang='grc' dir='ltr'>(τῶν</span> <span class='ocrx_word' id='word_1_42' title='bbox 854 513 953 546; x_wconf 80' lang='grc' dir='ltr'>θεῶν</span> <span class='ocrx_word' id='word_1_43' title='bbox 986 511 1218 554; x_wconf 85' lang='grc' dir='ltr'>Ἐπίκουρος)</span> <span class='ocrx_word' id='word_1_44' title='bbox 1255 511 1385 554; x_wconf 84' lang='grc' dir='ltr'>ἀφεῖλε</span> <span class='ocrx_word' id='word_1_45' title='bbox 1417 513 1487 554; x_wconf 86' lang='grc' dir='ltr'>τὴν</span> <span class='ocrx_word' id='word_1_46' title='bbox 1520 513 1615 556; x_wconf 86' lang='grc' dir='ltr'>πρὸς</span> 
     </span>
     <span class='ocr_line' id='line_1_11' title="bbox 196 575 1614 620; baseline 0 -9"><span class='ocrx_word' id='word_1_47' title='bbox 196 577 292 620; x_wconf 84' lang='grc' dir='ltr'>ἡμᾶς</span> <span class='ocrx_word' id='word_1_48' title='bbox 319 576 522 619; x_wconf 85' lang='grc' dir='ltr'>ἐνέργειαν,</span> <span class='ocrx_word' id='word_1_49' title='bbox 562 577 599 610; x_wconf 76' lang='grc' dir='ltr'>ἐξ</span> <span class='ocrx_word' id='word_1_50' title='bbox 628 575 671 620; x_wconf 79' lang='grc' dir='ltr'>ἧς</span> <span class='ocrx_word' id='word_1_51' title='bbox 697 576 814 619; x_wconf 88' lang='grc' dir='ltr'>μόνης</span> <span class='ocrx_word' id='word_1_52' title='bbox 845 576 890 610; x_wconf 88' lang='grc' dir='ltr'>τὸ</span> <span class='ocrx_word' id='word_1_53' title='bbox 918 577 1013 611; x_wconf 79' lang='grc' dir='ltr'>εἶναι</span> <span class='ocrx_word' id='word_1_54' title='bbox 1043 577 1134 617; x_wconf 84' lang='grc' dir='ltr'>τοὺς</span> <span class='ocrx_word' id='word_1_55' title='bbox 1161 577 1271 618; x_wconf 83' lang='grc' dir='ltr'>θεοὺς</span> <span class='ocrx_word' id='word_1_56' title='bbox 1300 577 1429 619; x_wconf 81' lang='grc' dir='ltr'>ἔμελλε</span> <span class='ocrx_word' id='word_1_57' title='bbox 1465 577 1535 619; x_wconf 80' lang='grc' dir='ltr'>τὴν</span> <span class='ocrx_word' id='word_1_58' title='bbox 1564 577 1614 611; x_wconf 88' lang='grc' dir='ltr'>δι-</span> 
     </span>
     <span class='ocr_line' id='line_1_12' title="bbox 197 640 587 676; baseline -0.003 -1"><span class='ocrx_word' id='word_1_59' title='bbox 197 640 304 676; x_wconf 84' lang='grc' dir='ltr'>καίαν</span> <span class='ocrx_word' id='word_1_60' title='bbox 330 640 456 676; x_wconf 82' lang='grc' dir='ltr'>πίστιν</span> <span class='ocrx_word' id='word_1_61' title='bbox 481 642 587 676; x_wconf 81' lang='grc' dir='ltr'>ἕξειν.</span> 
     </span>
    </p>

    <p class='ocr_par' dir='ltr' id='par_1_9' title="bbox 194 700 1616 1397">
     <span class='ocr_line' id='line_1_13' title="bbox 195 700 1614 750; baseline 0.002 -12"><span class='ocrx_word' id='word_1_62' title='bbox 195 707 291 739; x_wconf 87' lang='lat' dir='ltr'>idem</span> <span class='ocrx_word' id='word_1_63' title='bbox 318 707 406 740; x_wconf 89' lang='lat' dir='ltr'><strong>ibid.</strong></span> <span class='ocrx_word' id='word_1_64' title='bbox 434 714 491 739; x_wconf 84' lang='lat' dir='ltr'>xv</span> <span class='ocrx_word' id='word_1_65' title='bbox 519 706 551 745; x_wconf 81' lang='lat'>5,</span> <span class='ocrx_word' id='word_1_66' title='bbox 577 706 597 739; x_wconf 90' lang='lat'><strong>3</strong></span> <span class='ocrx_word' id='word_1_67' title='bbox 624 717 658 749; x_wconf 89' lang='lat' dir='ltr'>p.</span> <span class='ocrx_word' id='word_1_68' title='bbox 678 705 766 740; x_wconf 66' lang='lat'>799⁸</span> <span class='ocrx_word' id='word_1_69' title='bbox 805 706 825 740; x_wconf 89' lang='grc' dir='ltr'>ὁ</span> <span class='ocrx_word' id='word_1_70' title='bbox 854 706 894 740; x_wconf 88' lang='grc' dir='ltr'>δὲ</span> <span class='ocrx_word' id='word_1_71' title='bbox 920 707 991 748; x_wconf 88' lang='grc' dir='ltr'>τὴν</span> <span class='ocrx_word' id='word_1_72' title='bbox 1019 700 1215 748; x_wconf 74' lang='grc' dir='ltr'>δαιμονίαν</span> <span class='ocrx_word' id='word_1_73' title='bbox 1242 706 1387 750; x_wconf 86' lang='grc' dir='ltr'>ταύτην</span> <span class='ocrx_word' id='word_1_74' title='bbox 1413 706 1529 749; x_wconf 87' lang='grc' dir='ltr'>φύσιν</span> <span class='ocrx_word' id='word_1_75' title='bbox 1557 707 1614 741; x_wconf 82' lang='grc' dir='ltr'>ἑκ-</span> 
     </span>
     <span class='ocr_line' id='line_1_14' title="bbox 195 770 1613 813; baseline 0 -8"><span class='ocrx_word' id='word_1_76' title='bbox 195 771 326 805; x_wconf 83' lang='grc' dir='ltr'>ποδὼν</span> <span class='ocrx_word' id='word_1_77' title='bbox 360 771 588 813; x_wconf 81' lang='grc' dir='ltr'>ποιούμενος</span> <span class='ocrx_word' id='word_1_78' title='bbox 623 771 683 805; x_wconf 78' lang='grc' dir='ltr'>καί</span> <span class='ocrx_word' id='word_1_79' title='bbox 713 770 784 812; x_wconf 88' lang='grc' dir='ltr'>τήν</span> <span class='ocrx_word' id='word_1_80' title='bbox 812 781 852 805; x_wconf 90' lang='grc' dir='ltr'>τε</span> <span class='ocrx_word' id='word_1_81' title='bbox 883 770 934 812; x_wconf 82' lang='grc' dir='ltr'>εἰς</span> <span class='ocrx_word' id='word_1_82' title='bbox 961 770 1067 811; x_wconf 79' lang='grc' dir='ltr'>αὖθις</span> <span class='ocrx_word' id='word_1_83' title='bbox 1098 770 1229 806; x_wconf 81' lang='grc' dir='ltr'>ἐλπίδα</span> <span class='ocrx_word' id='word_1_84' title='bbox 1264 773 1332 813; x_wconf 84' lang='grc' dir='ltr'>τῆς</span> <span class='ocrx_word' id='word_1_85' title='bbox 1364 773 1488 813; x_wconf 85' lang='grc' dir='ltr'>ψυχῆς</span> <span class='ocrx_word' id='word_1_86' title='bbox 1521 771 1613 805; x_wconf 82' lang='grc' dir='ltr'>ἀπο-</span> 
     </span>
     <span class='ocr_line' id='line_1_15' title="bbox 195 835 1615 879; baseline -0.001 -9"><span class='ocrx_word' id='word_1_87' title='bbox 195 837 344 877; x_wconf 84' lang='grc' dir='ltr'>τέμνων</span> <span class='ocrx_word' id='word_1_88' title='bbox 376 835 447 878; x_wconf 88' lang='grc' dir='ltr'>τήν</span> <span class='ocrx_word' id='word_1_89' title='bbox 479 846 521 870; x_wconf 90' lang='grc' dir='ltr'>τε</span> <span class='ocrx_word' id='word_1_90' title='bbox 554 835 595 869; x_wconf 82' lang='grc' dir='ltr'>ἐν</span> <span class='ocrx_word' id='word_1_91' title='bbox 627 838 683 879; x_wconf 79' lang='grc' dir='ltr'>τῷ</span> <span class='ocrx_word' id='word_1_92' title='bbox 717 835 878 878; x_wconf 83' lang='grc' dir='ltr'>παρόντι</span> <span class='ocrx_word' id='word_1_93' title='bbox 913 835 1007 878; x_wconf 88' lang='grc' dir='ltr'>πρὸς</span> <span class='ocrx_word' id='word_1_94' title='bbox 1041 837 1119 869; x_wconf 77' lang='grc' dir='ltr'>των</span> <span class='ocrx_word' id='word_1_95' title='bbox 1155 835 1384 879; x_wconf 85' lang='grc' dir='ltr'>κρειττόνων</span> <span class='ocrx_word' id='word_1_96' title='bbox 1419 836 1615 878; x_wconf 72' lang='grc' dir='ltr'>εὐλάβειαν</span> 
     </span>
     <span class='ocr_line' id='line_1_16' title="bbox 195 899 1613 944; baseline -0.001 -9"><span class='ocrx_word' id='word_1_97' title='bbox 195 901 476 944; x_wconf 85' lang='grc' dir='ltr'>ἀφαιρούμενος</span> <span class='ocrx_word' id='word_1_98' title='bbox 500 899 585 935; x_wconf 84' lang='grc' dir='ltr'>τίνα</span> <span class='ocrx_word' id='word_1_99' title='bbox 612 900 706 943; x_wconf 84' lang='grc' dir='ltr'>πρὸς</span> <span class='ocrx_word' id='word_1_100' title='bbox 732 899 925 934; x_wconf 87' lang='grc' dir='ltr'>Πλάτωνα</span> <span class='ocrx_word' id='word_1_101' title='bbox 955 900 1029 941; x_wconf 84' lang='grc' dir='ltr'>ἔχει</span> <span class='ocrx_word' id='word_1_102' title='bbox 1056 899 1279 941; x_wconf 60' lang='grc' dir='ltr'>κοινωνίαν;</span> <span class='ocrx_word' id='word_1_103' title='bbox 1323 901 1347 942; x_wconf 87' lang='grc' dir='ltr'>ἢ</span> <span class='ocrx_word' id='word_1_104' title='bbox 1375 904 1456 941; x_wconf 83' lang='grc' dir='ltr'>πῶς</span> <span class='ocrx_word' id='word_1_105' title='bbox 1481 901 1526 934; x_wconf 84' lang='grc' dir='ltr'>ἂν</span> <span class='ocrx_word' id='word_1_106' title='bbox 1555 901 1613 943; x_wconf 77' lang='grc' dir='ltr'>ἐφ’</span> 
     </span>
     <span class='ocr_line' id='line_1_17' title="bbox 195 964 1614 1008; baseline -0.001 -8"><span class='ocrx_word' id='word_1_107' title='bbox 195 965 218 1000; x_wconf 85' lang='grc' dir='ltr'>ἃ</span> <span class='ocrx_word' id='word_1_108' title='bbox 245 965 422 1008; x_wconf 85' lang='grc' dir='ltr'>βούλεται</span> <span class='ocrx_word' id='word_1_109' title='bbox 447 964 624 1007; x_wconf 83' lang='grc' dir='ltr'>Πλάτων,</span> <span class='ocrx_word' id='word_1_110' title='bbox 662 964 921 1008; x_wconf 83' lang='grc' dir='ltr'>παρακαλέσαι</span> <span class='ocrx_word' id='word_1_111' title='bbox 960 965 1019 998; x_wconf 88' lang='grc' dir='ltr'>καὶ</span> <span class='ocrx_word' id='word_1_112' title='bbox 1055 966 1290 999; x_wconf 84' lang='grc' dir='ltr'>πιστώσαιτο</span> <span class='ocrx_word' id='word_1_113' title='bbox 1330 965 1377 999; x_wconf 85' lang='grc' dir='ltr'>τὰ</span> <span class='ocrx_word' id='word_1_114' title='bbox 1417 964 1614 1008; x_wconf 63' lang='grc' dir='ltr'>εἰρημένω</span> 
     </span>
     <span class='ocr_line' id='line_1_18' title="bbox 196 1029 1616 1073; baseline 0 -9"><span class='ocrx_word' id='word_1_115' title='bbox 196 1032 271 1065; x_wconf 86' lang='grc' dir='ltr'>πᾶν</span> <span class='ocrx_word' id='word_1_116' title='bbox 296 1029 369 1073; x_wconf 87' lang='grc' dir='ltr'>γὰρ</span> <span class='ocrx_word' id='word_1_117' title='bbox 394 1029 621 1065; x_wconf 85' lang='grc' dir='ltr'>τούναντίον</span> <span class='ocrx_word' id='word_1_118' title='bbox 647 1030 830 1073; x_wconf 87' lang='grc' dir='ltr'>συνεργὸς</span> <span class='ocrx_word' id='word_1_119' title='bbox 859 1029 904 1063; x_wconf 84' lang='grc' dir='ltr'>ἂν</span> <span class='ocrx_word' id='word_1_120' title='bbox 930 1029 1043 1071; x_wconf 78' lang='grc' dir='ltr'>οὗτός</span> <span class='ocrx_word' id='word_1_121' title='bbox 1068 1039 1111 1070; x_wconf 78' lang='grc' dir='ltr'>γε</span> <span class='ocrx_word' id='word_1_122' title='bbox 1139 1030 1200 1064; x_wconf 78' lang='grc' dir='ltr'>καὶ</span> <span class='ocrx_word' id='word_1_123' title='bbox 1228 1031 1515 1072; x_wconf 80' lang='grc' dir='ltr'>συναγωνιστὴς</span> <span class='ocrx_word' id='word_1_124' title='bbox 1536 1033 1616 1064; x_wconf 79' lang='grc' dir='ltr'>τῶν</span> 
     </span>
     <span class='ocr_line' id='line_1_19' title="bbox 196 1093 1616 1138; baseline -0.001 -8"><span class='ocrx_word' id='word_1_125' title='bbox 196 1095 406 1130; x_wconf 79' lang='grc' dir='ltr'>ἐθελόντων</span> <span class='ocrx_word' id='word_1_126' title='bbox 440 1093 582 1129; x_wconf 78' lang='grc' dir='ltr'>ἀδικεῖν</span> <span class='ocrx_word' id='word_1_127' title='bbox 612 1093 763 1137; x_wconf 77' lang='grc' dir='ltr'>φανείη.</span> <span class='ocrx_word' id='word_1_128' title='bbox 819 1097 892 1135; x_wconf 84' lang='grc' dir='ltr'>πᾶς</span> <span class='ocrx_word' id='word_1_129' title='bbox 923 1094 995 1138; x_wconf 78' lang='grc' dir='ltr'>γάρ</span> <span class='ocrx_word' id='word_1_130' title='bbox 1030 1105 1084 1136; x_wconf 86' lang='grc' dir='ltr'>τις</span> <span class='ocrx_word' id='word_1_131' title='bbox 1119 1095 1319 1137; x_wconf 82' lang='grc' dir='ltr'>ἅνθρωπος</span> <span class='ocrx_word' id='word_1_132' title='bbox 1355 1095 1410 1128; x_wconf 81' lang='grc' dir='ltr'>ὢν</span> <span class='ocrx_word' id='word_1_133' title='bbox 1442 1096 1502 1129; x_wconf 80' lang='grc' dir='ltr'>καὶ</span> <span class='ocrx_word' id='word_1_134' title='bbox 1533 1098 1616 1137; x_wconf 80' lang='grc' dir='ltr'>ταὶς</span> 
     </span>
     <span class='ocr_line' id='line_1_20' title="bbox 196 1158 1615 1203; baseline 0 -10"><span class='ocrx_word' id='word_1_135' title='bbox 196 1158 449 1203; x_wconf 81' lang='grc' dir='ltr'>ἀνθρωπίναις</span> <span class='ocrx_word' id='word_1_136' title='bbox 475 1158 619 1202; x_wconf 82' lang='grc' dir='ltr'>ὀρέξεσι</span> <span class='ocrx_word' id='word_1_137' title='bbox 645 1159 925 1201; x_wconf 83' lang='grc' dir='ltr'>κατεσχημένος</span> <span class='ocrx_word' id='word_1_138' title='bbox 952 1159 996 1192; x_wconf 87' lang='grc' dir='ltr'>ἂν</span> <span class='ocrx_word' id='word_1_139' title='bbox 1025 1159 1299 1203; x_wconf 85' lang='grc' dir='ltr'>καταφρονήσῃ</span> <span class='ocrx_word' id='word_1_140' title='bbox 1326 1162 1404 1192; x_wconf 76' lang='grc' dir='ltr'>τῶν</span> <span class='ocrx_word' id='word_1_141' title='bbox 1430 1161 1528 1193; x_wconf 79' lang='grc' dir='ltr'>θεῶν</span> <span class='ocrx_word' id='word_1_142' title='bbox 1557 1160 1615 1193; x_wconf 81' lang='grc' dir='ltr'>καὶ</span> 
     </span>
     <span class='ocr_line' id='line_1_21' title="bbox 195 1223 1616 1268; baseline 0 -10"><span class='ocrx_word' id='word_1_143' title='bbox 195 1223 313 1267; x_wconf 82' lang='grc' dir='ltr'>μηδὲν</span> <span class='ocrx_word' id='word_1_144' title='bbox 345 1223 483 1268; x_wconf 82' lang='grc' dir='ltr'>νομίσῃ</span> <span class='ocrx_word' id='word_1_145' title='bbox 519 1223 614 1266; x_wconf 84' lang='grc' dir='ltr'>πρὸς</span> <span class='ocrx_word' id='word_1_146' title='bbox 648 1224 777 1265; x_wconf 82' lang='grc' dir='ltr'>αὐτόν,</span> <span class='ocrx_word' id='word_1_147' title='bbox 819 1223 885 1257; x_wconf 80' lang='grc' dir='ltr'>ἅτε</span> <span class='ocrx_word' id='word_1_148' title='bbox 919 1223 1051 1266; x_wconf 85' lang='grc' dir='ltr'>πόρρω</span> <span class='ocrx_word' id='word_1_149' title='bbox 1089 1224 1156 1264; x_wconf 81' lang='grc' dir='ltr'>μὲν</span> <span class='ocrx_word' id='word_1_150' title='bbox 1191 1224 1319 1257; x_wconf 78' lang='grc' dir='ltr'>αὐτῶν</span> <span class='ocrx_word' id='word_1_151' title='bbox 1353 1224 1616 1268; x_wconf 76' lang='grc' dir='ltr'>ἀπῳκισμένος</span> 
     </span>
     <span class='ocr_line' id='line_1_22' title="bbox 195 1288 1615 1333; baseline 0 -10"><span class='ocrx_word' id='word_1_152' title='bbox 195 1289 235 1323; x_wconf 81' lang='grc' dir='ltr'>ἑν</span> <span class='ocrx_word' id='word_1_153' title='bbox 261 1291 316 1333; x_wconf 80' lang='grc' dir='ltr'>τῷ</span> <span class='ocrx_word' id='word_1_154' title='bbox 342 1290 422 1332; x_wconf 83' lang='grc' dir='ltr'>ζῆν,</span> <span class='ocrx_word' id='word_1_155' title='bbox 460 1288 667 1323; x_wconf 82' lang='grc' dir='ltr'>ἀποθανὼν</span> <span class='ocrx_word' id='word_1_156' title='bbox 692 1288 733 1322; x_wconf 83' lang='grc' dir='ltr'>δὲ</span> <span class='ocrx_word' id='word_1_157' title='bbox 760 1288 849 1322; x_wconf 80' lang='grc' dir='ltr'>οὐδὲ</span> <span class='ocrx_word' id='word_1_158' title='bbox 879 1288 934 1322; x_wconf 76' lang='grc' dir='ltr'>ἔτι</span> <span class='ocrx_word' id='word_1_159' title='bbox 962 1288 1026 1330; x_wconf 72' lang='grc' dir='ltr'>ών,</span> <span class='ocrx_word' id='word_1_160' title='bbox 1072 1288 1222 1330; x_wconf 77' lang='grc' dir='ltr'>ἕτοιμος</span> <span class='ocrx_word' id='word_1_161' title='bbox 1249 1288 1294 1322; x_wconf 81' lang='grc' dir='ltr'>ἂν</span> <span class='ocrx_word' id='word_1_162' title='bbox 1322 1289 1422 1323; x_wconf 76' lang='grc' dir='ltr'>ἔλθοι</span> <span class='ocrx_word' id='word_1_163' title='bbox 1450 1289 1546 1332; x_wconf 84' lang='grc' dir='ltr'>πρὸς</span> <span class='ocrx_word' id='word_1_164' title='bbox 1570 1290 1615 1323; x_wconf 87' lang='grc' dir='ltr'>τὸ</span> 
     </span>
     <span class='ocr_line' id='line_1_23' title="bbox 194 1352 759 1397; baseline 0 -10"><span class='ocrx_word' id='word_1_165' title='bbox 194 1353 410 1397; x_wconf 79' lang='grc' dir='ltr'>χαρίζεσθαι</span> <span class='ocrx_word' id='word_1_166' title='bbox 432 1356 514 1395; x_wconf 82' lang='grc' dir='ltr'>ταῖς</span> <span class='ocrx_word' id='word_1_167' title='bbox 540 1352 759 1395; x_wconf 82' lang='grc' dir='ltr'>ἐπιθυμίαις.</span> 
     </span>
    </p>

    <p class='ocr_par' dir='ltr' id='par_1_10' title="bbox 195 1418 1327 1463">
     <span class='ocr_line' id='line_1_24' title="bbox 195 1418 1327 1463; baseline 0 -12"><span class='ocrx_word' id='word_1_168' title='bbox 195 1419 283 1453; x_wconf 86' lang='lat' dir='ltr'>ibid.</span> <span class='ocrx_word' id='word_1_169' title='bbox 312 1420 345 1457; x_wconf 85' lang='lat'>5,</span> <span class='ocrx_word' id='word_1_170' title='bbox 365 1419 387 1452; x_wconf 82' lang='lat'>6</span> <span class='ocrx_word' id='word_1_171' title='bbox 413 1430 448 1463; x_wconf 90' lang='lat' dir='ltr'>p.</span> <span class='ocrx_word' id='word_1_172' title='bbox 469 1418 553 1453; x_wconf 71' lang='lat'><strong>799⁰</strong></span> <span class='ocrx_word' id='word_1_173' title='bbox 578 1419 651 1462; x_wconf 86' lang='grc' dir='ltr'>τὴν</span> <span class='ocrx_word' id='word_1_174' title='bbox 678 1418 719 1453; x_wconf 81' lang='grc' dir='ltr'>ἐκ</span> <span class='ocrx_word' id='word_1_175' title='bbox 746 1420 845 1453; x_wconf 86' lang='grc' dir='ltr'>θεῶν</span> <span class='ocrx_word' id='word_1_176' title='bbox 872 1419 1001 1453; x_wconf 86' lang='grc' dir='ltr'>ἄδειαν</span> <span class='ocrx_word' id='word_1_177' title='bbox 1028 1419 1327 1461; x_wconf 85' lang='grc' dir='ltr'>παρασχόμενος.</span> 
     </span>
    </p>

    <p class='ocr_par' dir='ltr' id='par_1_11' title="bbox 193 1471 1615 1657">
     <span class='ocr_line' id='line_1_25' title="bbox 195 1471 1613 1528; baseline 0 -11"><span class='ocrx_word' id='word_1_178' title='bbox 195 1483 377 1518; x_wconf 72' lang='lat' dir='ltr'>CLEMENS</span> <span class='ocrx_word' id='word_1_179' title='bbox 408 1484 517 1517; x_wconf 69' lang='lat' dir='ltr'>Alex.</span> <span class='ocrx_word' id='word_1_180' title='bbox 542 1489 712 1528; x_wconf 83' lang='lat' dir='ltr'>protrept.</span> <span class='ocrx_word' id='word_1_181' title='bbox 739 1485 760 1517; x_wconf 86' lang='lat'>5</span> <span class='ocrx_word' id='word_1_182' title='bbox 784 1495 819 1527; x_wconf 89' lang='lat' dir='ltr'>p.</span> <span class='ocrx_word' id='word_1_183' title='bbox 839 1484 896 1521; x_wconf 80' lang='lat'>20,</span> <span class='ocrx_word' id='word_1_184' title='bbox 916 1484 937 1516; x_wconf 82' lang='lat'>8</span> <span class='ocrx_word' id='word_1_185' title='bbox 963 1484 1061 1526; x_wconf 86' lang='lat' dir='ltr'>Sylb.</span> <span class='ocrx_word' id='word_1_186' title='bbox 1106 1471 1330 1526; x_wconf 75' lang='grc' dir='ltr'>Ἐπικούρου</span> <span class='ocrx_word' id='word_1_187' title='bbox 1358 1484 1425 1525; x_wconf 79' lang='grc' dir='ltr'>μέν</span> <span class='ocrx_word' id='word_1_188' title='bbox 1452 1483 1522 1526; x_wconf 81' lang='grc' dir='ltr'>γὰρ</span> <span class='ocrx_word' id='word_1_189' title='bbox 1550 1484 1613 1524; x_wconf 84' lang='grc' dir='ltr'>μό-</span> 
     </span>
     <span class='ocr_line' id='line_1_26' title="bbox 194 1547 1615 1592; baseline -0.001 -10"><span class='ocrx_word' id='word_1_190' title='bbox 194 1559 263 1583; x_wconf 89' lang='grc' dir='ltr'>νου</span> <span class='ocrx_word' id='word_1_191' title='bbox 290 1549 349 1582; x_wconf 84' lang='grc' dir='ltr'>καί</span> <span class='ocrx_word' id='word_1_192' title='bbox 375 1548 473 1583; x_wconf 82' lang='grc' dir='ltr'>ἑκὼν</span> <span class='ocrx_word' id='word_1_193' title='bbox 499 1548 717 1592; x_wconf 81' lang='grc' dir='ltr'>ὲκλήσομαι,</span> <span class='ocrx_word' id='word_1_194' title='bbox 743 1548 784 1590; x_wconf 88' lang='grc' dir='ltr'>ὃς</span> <span class='ocrx_word' id='word_1_195' title='bbox 810 1548 924 1583; x_wconf 81' lang='grc' dir='ltr'>οὐδέν</span> <span class='ocrx_word' id='word_1_196' title='bbox 950 1549 1074 1589; x_wconf 86' lang='grc' dir='ltr'>μέλειν</span> <span class='ocrx_word' id='word_1_197' title='bbox 1102 1547 1219 1582; x_wconf 82' lang='grc' dir='ltr'>οἴεται</span> <span class='ocrx_word' id='word_1_198' title='bbox 1245 1551 1300 1592; x_wconf 81' lang='grc' dir='ltr'>τῷ</span> <span class='ocrx_word' id='word_1_199' title='bbox 1328 1551 1415 1592; x_wconf 79' lang='grc' dir='ltr'>θεῷ,</span> <span class='ocrx_word' id='word_1_200' title='bbox 1443 1548 1504 1582; x_wconf 87' lang='grc' dir='ltr'>διὰ</span> <span class='ocrx_word' id='word_1_201' title='bbox 1522 1547 1615 1581; x_wconf 83' lang='grc' dir='ltr'>πάν-</span> 
     </span>
     <span class='ocr_line' id='line_1_27' title="bbox 193 1613 458 1657; baseline -0.004 -9"><span class='ocrx_word' id='word_1_202' title='bbox 193 1624 272 1648; x_wconf 89' lang='grc' dir='ltr'>των</span> <span class='ocrx_word' id='word_1_203' title='bbox 299 1613 458 1657; x_wconf 77' lang='grc' dir='ltr'>ἀσεβῶν,</span> 
     </span>
    </p>

    <p class='ocr_par' dir='ltr' id='par_1_12' title="bbox 192 1677 1615 2629">
     <span class='ocr_line' id='line_1_28' title="bbox 195 1677 1613 1724; baseline 0 -13"><span class='ocrx_word' id='word_1_204' title='bbox 195 1677 386 1712; x_wconf 68' lang='lat' dir='ltr'>P110T1st</span> <span class='ocrx_word' id='word_1_205' title='bbox 405 1681 492 1712; x_wconf 79' lang='lat' dir='ltr'>diss.</span> <span class='ocrx_word' id='word_1_206' title='bbox 506 1680 554 1714; x_wconf 82' lang='lat'>30</span> <span class='ocrx_word' id='word_1_207' title='bbox 567 1679 664 1723; x_wconf 82' lang='lat' dir='ltr'>(eun.</span> <span class='ocrx_word' id='word_1_208' title='bbox 680 1689 706 1714; x_wconf 89' lang='lat'>11</span> <span class='ocrx_word' id='word_1_209' title='bbox 721 1681 770 1724; x_wconf 85' lang='lat'>9),</span> <span class='ocrx_word' id='word_1_210' title='bbox 789 1681 831 1714; x_wconf 84' lang='lat'>15</span> <span class='ocrx_word' id='word_1_211' title='bbox 852 1678 1068 1723; x_wconf 85' lang='grc' dir='ltr'>Ἐπίκουρος</span> <span class='ocrx_word' id='word_1_212' title='bbox 1082 1680 1153 1722; x_wconf 89' lang='grc' dir='ltr'>τὴν</span> <span class='ocrx_word' id='word_1_213' title='bbox 1171 1680 1354 1722; x_wconf 84' lang='grc' dir='ltr'>πρόνοιαν</span> <span class='ocrx_word' id='word_1_214' title='bbox 1374 1679 1542 1721; x_wconf 83' lang='grc' dir='ltr'>ἀναιρῶν</span> <span class='ocrx_word' id='word_1_215' title='bbox 1558 1697 1613 1712; x_wconf 86' lang='grc'>-.</span> 
     </span>
     <span class='ocr_line' id='line_1_29' title="bbox 194 1740 1615 1786; baseline 0.001 -11"><span class='ocrx_word' id='word_1_216' title='bbox 194 1740 439 1776; x_wconf 76' lang='lat' dir='ltr'>LACTANTIVS</span> <span class='ocrx_word' id='word_1_217' title='bbox 465 1743 576 1777; x_wconf 81' lang='lat' dir='ltr'>diuin.</span> <span class='ocrx_word' id='word_1_218' title='bbox 603 1744 712 1779; x_wconf 80' lang='lat' dir='ltr'>instit.</span> <span class='ocrx_word' id='word_1_219' title='bbox 741 1753 756 1778; x_wconf 90' lang='grc' dir='ltr'>Ι</span> <span class='ocrx_word' id='word_1_220' title='bbox 783 1744 816 1784; x_wconf 79' lang='lat'>2,</span> <span class='ocrx_word' id='word_1_221' title='bbox 844 1745 860 1777; x_wconf 91' lang='lat'>1</span> <span class='ocrx_word' id='word_1_222' title='bbox 907 1744 999 1776; x_wconf 87' lang='lat' dir='ltr'>‘non</span> <span class='ocrx_word' id='word_1_223' title='bbox 1030 1743 1153 1786; x_wconf 85' lang='lat' dir='ltr'>putaui</span> <span class='ocrx_word' id='word_1_224' title='bbox 1187 1744 1277 1775; x_wconf 84' lang='lat' dir='ltr'>adeo</span> <span class='ocrx_word' id='word_1_225' title='bbox 1305 1744 1544 1775; x_wconf 73' lang='lat' dir='ltr'>necessarium</span> <span class='ocrx_word' id='word_1_226' title='bbox 1571 1745 1615 1776; x_wconf 84' lang='lat' dir='ltr'>ab</span> 
     </span>
     <span class='ocr_line' id='line_1_30' title="bbox 193 1808 1615 1853; baseline -0.001 -13"><span class='ocrx_word' id='word_1_227' title='bbox 193 1808 256 1840; x_wconf 89' lang='lat' dir='ltr'>illa</span> <span class='ocrx_word' id='word_1_228' title='bbox 284 1809 493 1852; x_wconf 82' lang='lat' dir='ltr'>quaestione</span> <span class='ocrx_word' id='word_1_229' title='bbox 519 1809 733 1853; x_wconf 81' lang='lat' dir='ltr'>principium</span> <span class='ocrx_word' id='word_1_230' title='bbox 761 1821 913 1849; x_wconf 83' lang='lat' dir='ltr'>sumere,</span> <span class='ocrx_word' id='word_1_231' title='bbox 953 1820 1044 1853; x_wconf 83' lang='lat' dir='ltr'>quae</span> <span class='ocrx_word' id='word_1_232' title='bbox 1071 1810 1213 1841; x_wconf 82' lang='lat' dir='ltr'>uidetur</span> <span class='ocrx_word' id='word_1_233' title='bbox 1238 1810 1350 1852; x_wconf 87' lang='lat' dir='ltr'>prima</span> <span class='ocrx_word' id='word_1_234' title='bbox 1375 1819 1453 1840; x_wconf 74' lang='lat' dir='ltr'>esse</span> <span class='ocrx_word' id='word_1_235' title='bbox 1480 1813 1615 1845; x_wconf 76' lang='lat' dir='ltr'>natura,</span> 
     </span>
     <span class='ocr_line' id='line_1_31' title="bbox 195 1873 1615 1918; baseline -0.001 -13"><span class='ocrx_word' id='word_1_236' title='bbox 195 1873 300 1914; x_wconf 18' lang='lat' dir='ltr'>sitne*</span> <span class='ocrx_word' id='word_1_237' title='bbox 323 1873 552 1918; x_wconf 83' lang='lat' dir='ltr'>prouidentia</span> <span class='ocrx_word' id='word_1_238' title='bbox 593 1884 683 1917; x_wconf 87' lang='lat' dir='ltr'>quae</span> <span class='ocrx_word' id='word_1_239' title='bbox 718 1874 826 1907; x_wconf 86' lang='lat' dir='ltr'>rebus</span> <span class='ocrx_word' id='word_1_240' title='bbox 865 1874 1031 1906; x_wconf 84' lang='lat' dir='ltr'>omnibus</span> <span class='ocrx_word' id='word_1_241' title='bbox 1068 1874 1246 1912; x_wconf 74' lang='lat' dir='ltr'>consulat,</span> <span class='ocrx_word' id='word_1_242' title='bbox 1288 1884 1331 1905; x_wconf 90' lang='lat' dir='ltr'>an</span> <span class='ocrx_word' id='word_1_243' title='bbox 1371 1873 1519 1905; x_wconf 82' lang='lat' dir='ltr'>fortuitu</span> <span class='ocrx_word' id='word_1_244' title='bbox 1558 1873 1615 1904; x_wconf 86' lang='lat' dir='ltr'>uel</span> 
     </span>
     <span class='ocr_line' id='line_1_32' title="bbox 194 1937 1615 1979; baseline 0.001 -10"><span class='ocrx_word' id='word_1_245' title='bbox 194 1937 283 1970; x_wconf 83' lang='lat' dir='ltr'>facta</span> <span class='ocrx_word' id='word_1_246' title='bbox 310 1938 381 1970; x_wconf 86' lang='lat' dir='ltr'>sint</span> <span class='ocrx_word' id='word_1_247' title='bbox 405 1938 524 1971; x_wconf 89' lang='lat' dir='ltr'>omnia</span> <span class='ocrx_word' id='word_1_248' title='bbox 549 1938 610 1971; x_wconf 83' lang='lat' dir='ltr'>uel</span> <span class='ocrx_word' id='word_1_249' title='bbox 636 1944 819 1979; x_wconf 83' lang='lat' dir='ltr'><strong>gerantur:</strong></span> <span class='ocrx_word' id='word_1_250' title='bbox 850 1939 952 1971; x_wconf 83' lang='lat' dir='ltr'>euius</span> <span class='ocrx_word' id='word_1_251' title='bbox 980 1939 1177 1970; x_wconf 80' lang='lat' dir='ltr'>sententiae</span> <span class='ocrx_word' id='word_1_252' title='bbox 1206 1944 1327 1970; x_wconf 84' lang='lat' dir='ltr'>auctor</span> <span class='ocrx_word' id='word_1_253' title='bbox 1354 1944 1407 1970; x_wconf 85' lang='lat' dir='ltr'>est</span> <span class='ocrx_word' id='word_1_254' title='bbox 1433 1938 1615 1970; x_wconf 82' lang='lat' dir='ltr'>Democri-</span> 
     </span>
     <span class='ocr_line' id='line_1_33' title="bbox 192 2001 1613 2046; baseline 0.002 -13"><span class='ocrx_word' id='word_1_255' title='bbox 192 2006 260 2041; x_wconf 85' lang='lat' dir='ltr'>tus,</span> <span class='ocrx_word' id='word_1_256' title='bbox 286 2001 511 2036; x_wconf 83' lang='lat' dir='ltr'>confirmator</span> <span class='ocrx_word' id='word_1_257' title='bbox 534 2003 740 2046; x_wconf 82' lang='lat' dir='ltr'>Epicurus’.</span> <span class='ocrx_word' id='word_1_258' title='bbox 792 2004 876 2043; x_wconf 63' lang='lat'>11⁵8,</span> <span class='ocrx_word' id='word_1_259' title='bbox 904 2003 949 2037; x_wconf 83' lang='lat'>48</span> <span class='ocrx_word' id='word_1_260' title='bbox 986 2003 1081 2036; x_wconf 85' lang='lat' dir='ltr'>‘nam</span> <span class='ocrx_word' id='word_1_261' title='bbox 1110 2003 1232 2035; x_wconf 87' lang='lat' dir='ltr'>diuina</span> <span class='ocrx_word' id='word_1_262' title='bbox 1256 2003 1484 2046; x_wconf 81' lang='lat' dir='ltr'>prouidentia</span> <span class='ocrx_word' id='word_1_263' title='bbox 1510 2003 1613 2036; x_wconf 86' lang='lat' dir='ltr'>effee-</span> 
     </span>
     <span class='ocr_line' id='line_1_34' title="bbox 193 2067 1615 2112; baseline 0.001 -14"><span class='ocrx_word' id='word_1_264' title='bbox 193 2071 266 2098; x_wconf 85' lang='lat' dir='ltr'>tum</span> <span class='ocrx_word' id='word_1_265' title='bbox 297 2077 376 2112; x_wconf 62' lang='lat' dir='ltr'>esse</span> <span class='ocrx_word' id='word_1_266' title='bbox 410 2068 580 2100; x_wconf 86' lang='lat' dir='ltr'>mundum</span> <span class='ocrx_word' id='word_1_267' title='bbox 609 2093 617 2101; x_wconf 89' lang='lat'><strong>.</strong></span> <span class='ocrx_word' id='word_1_268' title='bbox 637 2093 645 2101; x_wconf 88' lang='lat'><strong>.</strong></span> <span class='ocrx_word' id='word_1_269' title='bbox 668 2094 675 2101; x_wconf 91' lang='lat'><strong>.</strong></span> <span class='ocrx_word' id='word_1_270' title='bbox 695 2094 702 2101; x_wconf 90' lang='lat'>.</span> <span class='ocrx_word' id='word_1_271' title='bbox 739 2079 758 2100; x_wconf 86' lang='lat' dir='ltr'>a</span> <span class='ocrx_word' id='word_1_272' title='bbox 789 2068 911 2110; x_wconf 82' lang='lat' dir='ltr'>primis</span> <span class='ocrx_word' id='word_1_273' title='bbox 946 2067 1020 2099; x_wconf 86' lang='lat' dir='ltr'>illis</span> <span class='ocrx_word' id='word_1_274' title='bbox 1055 2073 1191 2111; x_wconf 70' lang='lat' dir='ltr'>septem</span> <span class='ocrx_word' id='word_1_275' title='bbox 1225 2068 1446 2111; x_wconf 76' lang='lat' dir='ltr'>sapientibus</span> <span class='ocrx_word' id='word_1_276' title='bbox 1473 2068 1526 2100; x_wconf 66' lang='lat' dir='ltr'>:ad</span> <span class='ocrx_word' id='word_1_277' title='bbox 1552 2068 1615 2100; x_wconf 86' lang='lat' dir='ltr'>So-</span> 
     </span>
     <span class='ocr_line' id='line_1_35' title="bbox 193 2132 1615 2175; baseline 0.001 -13"><span class='ocrx_word' id='word_1_278' title='bbox 193 2135 311 2163; x_wconf 86' lang='lat' dir='ltr'>craten</span> <span class='ocrx_word' id='word_1_279' title='bbox 344 2141 456 2175; x_wconf 86' lang='lat' dir='ltr'>usque</span> <span class='ocrx_word' id='word_1_280' title='bbox 489 2136 524 2165; x_wconf 82' lang='lat' dir='ltr'>et</span> <span class='ocrx_word' id='word_1_281' title='bbox 547 2132 737 2164; x_wconf 72' lang='lat' dir='ltr'><strong>Platonem</strong></span> <span class='ocrx_word' id='word_1_282' title='bbox 770 2143 834 2175; x_wconf 86' lang='lat' dir='ltr'>pro</span> <span class='ocrx_word' id='word_1_283' title='bbox 871 2133 1038 2164; x_wconf 70' lang='lat' dir='ltr'>confesso</span> <span class='ocrx_word' id='word_1_284' title='bbox 1067 2139 1100 2164; x_wconf 69' lang='lat' dir='ltr'>et</span> <span class='ocrx_word' id='word_1_285' title='bbox 1127 2132 1327 2164; x_wconf 79' lang='lat' dir='ltr'>indubitato</span> <span class='ocrx_word' id='word_1_286' title='bbox 1362 2132 1521 2164; x_wconf 83' lang='lat' dir='ltr'>habitum</span> <span class='ocrx_word' id='word_1_287' title='bbox 1551 2137 1615 2171; x_wconf 76' lang='lat' dir='ltr'>est,</span> 
     </span>
     <span class='ocr_line' id='line_1_36' title="bbox 194 2183 1614 2240; baseline 0.002 -13"><span class='ocrx_word' id='word_1_288' title='bbox 194 2196 310 2228; x_wconf 83' lang='lat' dir='ltr'>donec</span> <span class='ocrx_word' id='word_1_289' title='bbox 335 2183 425 2228; x_wconf 75' lang='lat' dir='ltr'>unus</span> <span class='ocrx_word' id='word_1_290' title='bbox 452 2196 577 2230; x_wconf 77' lang='lat' dir='ltr'>multis</span> <span class='ocrx_word' id='word_1_291' title='bbox 599 2202 682 2240; x_wconf 81' lang='lat' dir='ltr'>post</span> <span class='ocrx_word' id='word_1_292' title='bbox 708 2197 860 2229; x_wconf 80' lang='lat' dir='ltr'>saeculis</span> <span class='ocrx_word' id='word_1_293' title='bbox 889 2198 1022 2229; x_wconf 70' lang='lat' dir='ltr'>exstitit</span> <span class='ocrx_word' id='word_1_294' title='bbox 1049 2197 1183 2229; x_wconf 84' lang='lat' dir='ltr'>delirus</span> <span class='ocrx_word' id='word_1_295' title='bbox 1203 2197 1391 2240; x_wconf 88' lang='lat' dir='ltr'>Epicurus,</span> <span class='ocrx_word' id='word_1_296' title='bbox 1419 2197 1482 2240; x_wconf 89' lang='lat' dir='ltr'>qui</span> <span class='ocrx_word' id='word_1_297' title='bbox 1508 2198 1614 2230; x_wconf 85' lang='lat' dir='ltr'>aude·</span> 
     </span>
     <span class='ocr_line' id='line_1_37' title="bbox 193 2261 1614 2305; baseline 0.001 -13"><span class='ocrx_word' id='word_1_298' title='bbox 193 2265 246 2293; x_wconf 87' lang='lat' dir='ltr'>ret</span> <span class='ocrx_word' id='word_1_299' title='bbox 278 2271 408 2303; x_wconf 86' lang='lat' dir='ltr'>negare</span> <span class='ocrx_word' id='word_1_300' title='bbox 436 2261 474 2293; x_wconf 90' lang='lat' dir='ltr'>id</span> <span class='ocrx_word' id='word_1_301' title='bbox 506 2262 603 2305; x_wconf 77' lang='lat' dir='ltr'>quod</span> <span class='ocrx_word' id='word_1_302' title='bbox 636 2267 690 2294; x_wconf 82' lang='lat' dir='ltr'>est</span> <span class='ocrx_word' id='word_1_303' title='bbox 728 2261 1046 2299; x_wconf 65' lang='lat' dir='ltr'>euidentissimum,</span> <span class='ocrx_word' id='word_1_304' title='bbox 1091 2262 1210 2294; x_wconf 72' lang='lat' dir='ltr'>studio</span> <span class='ocrx_word' id='word_1_305' title='bbox 1239 2262 1378 2294; x_wconf 82' lang='lat' dir='ltr'>scilicet</span> <span class='ocrx_word' id='word_1_306' title='bbox 1404 2262 1614 2294; x_wconf 86' lang='lat' dir='ltr'>inueniendi</span> 
     </span>
     <span class='ocr_line' id='line_1_38' title="bbox 194 2326 1615 2370; baseline 0.001 -13"><span class='ocrx_word' id='word_1_307' title='bbox 194 2336 300 2365; x_wconf 84' lang='lat' dir='ltr'>noua,</span> <span class='ocrx_word' id='word_1_308' title='bbox 339 2331 379 2359; x_wconf 86' lang='lat' dir='ltr'>ut</span> <span class='ocrx_word' id='word_1_309' title='bbox 404 2326 546 2359; x_wconf 84' lang='lat' dir='ltr'>nomine</span> <span class='ocrx_word' id='word_1_310' title='bbox 581 2337 645 2359; x_wconf 77' lang='lat' dir='ltr'>suo</span> <span class='ocrx_word' id='word_1_311' title='bbox 681 2327 913 2359; x_wconf 79' lang='lat' dir='ltr'>constitueret</span> <span class='ocrx_word' id='word_1_312' title='bbox 949 2327 1186 2369; x_wconf 75' lang='lat' dir='ltr'>disciplinam.</span> <span class='ocrx_word' id='word_1_313' title='bbox 1238 2332 1271 2358; x_wconf 88' lang='lat' dir='ltr'>et</span> <span class='ocrx_word' id='word_1_314' title='bbox 1300 2327 1384 2370; x_wconf 86' lang='lat' dir='ltr'>quia</span> <span class='ocrx_word' id='word_1_315' title='bbox 1411 2326 1502 2359; x_wconf 83' lang='lat' dir='ltr'>nihil</span> <span class='ocrx_word' id='word_1_316' title='bbox 1529 2327 1615 2359; x_wconf 90' lang='lat' dir='ltr'>noui</span> 
     </span>
     <span class='ocr_line' id='line_1_39' title="bbox 194 2391 1615 2436; baseline -0.001 -12"><span class='ocrx_word' id='word_1_317' title='bbox 194 2391 310 2436; x_wconf 72' lang='lat' dir='ltr'>potuit</span> <span class='ocrx_word' id='word_1_318' title='bbox 329 2392 493 2435; x_wconf 81' lang='lat' dir='ltr'>reperire,</span> <span class='ocrx_word' id='word_1_319' title='bbox 520 2397 557 2424; x_wconf 87' lang='lat' dir='ltr'>ut</span> <span class='ocrx_word' id='word_1_320' title='bbox 579 2396 694 2423; x_wconf 87' lang='lat' dir='ltr'>tamen</span> <span class='ocrx_word' id='word_1_321' title='bbox 721 2392 912 2423; x_wconf 80' lang='lat' dir='ltr'>dissentire</span> <span class='ocrx_word' id='word_1_322' title='bbox 939 2402 958 2423; x_wconf 82' lang='lat' dir='ltr'>a</span> <span class='ocrx_word' id='word_1_323' title='bbox 984 2391 1110 2423; x_wconf 81' lang='lat' dir='ltr'>ceteris</span> <span class='ocrx_word' id='word_1_324' title='bbox 1140 2392 1332 2430; x_wconf 80' lang='lat' dir='ltr'>uideretur,</span> <span class='ocrx_word' id='word_1_325' title='bbox 1360 2395 1481 2423; x_wconf 72' lang='lat' dir='ltr'>uetera</span> <span class='ocrx_word' id='word_1_326' title='bbox 1499 2391 1615 2424; x_wconf 87' lang='lat' dir='ltr'>uoluit</span> 
     </span>
     <span class='ocr_line' id='line_1_40' title="bbox 195 2456 1614 2499; baseline 0.001 -11"><span class='ocrx_word' id='word_1_327' title='bbox 195 2462 364 2490; x_wconf 78' lang='lat' dir='ltr'>euertere.</span> <span class='ocrx_word' id='word_1_328' title='bbox 390 2456 428 2488; x_wconf 89' lang='lat' dir='ltr'>in</span> <span class='ocrx_word' id='word_1_329' title='bbox 445 2467 517 2499; x_wconf 90' lang='lat' dir='ltr'>quo</span> <span class='ocrx_word' id='word_1_330' title='bbox 534 2456 637 2488; x_wconf 81' lang='lat' dir='ltr'>illum</span> <span class='ocrx_word' id='word_1_331' title='bbox 656 2456 958 2488; x_wconf 71' lang='lat' dir='ltr'>circumlatrantes</span> <span class='ocrx_word' id='word_1_332' title='bbox 976 2456 1188 2498; x_wconf 85' lang='lat' dir='ltr'>philosophi</span> <span class='ocrx_word' id='word_1_333' title='bbox 1207 2467 1330 2488; x_wconf 83' lang='lat' dir='ltr'>omnes</span> <span class='ocrx_word' id='word_1_334' title='bbox 1350 2456 1614 2497; x_wconf 84' lang='lat' dir='ltr'>coarguerunt’.</span> 
     </span>
     <span class='ocr_line' id='line_1_41' title="bbox 194 2520 1612 2564; baseline 0.001 -12"><span class='ocrx_word' id='word_1_335' title='bbox 194 2521 289 2553; x_wconf 84' lang='lat' dir='ltr'>idem</span> <span class='ocrx_word' id='word_1_336' title='bbox 309 2521 353 2553; x_wconf 90' lang='lat' dir='ltr'>de</span> <span class='ocrx_word' id='word_1_337' title='bbox 373 2520 424 2553; x_wconf 86' lang='lat' dir='ltr'>ira</span> <span class='ocrx_word' id='word_1_338' title='bbox 444 2521 504 2553; x_wconf 84' lang='lat' dir='ltr'>dei</span> <span class='ocrx_word' id='word_1_339' title='bbox 522 2520 555 2563; x_wconf 85' lang='lat'>9,</span> <span class='ocrx_word' id='word_1_340' title='bbox 572 2522 591 2554; x_wconf 88' lang='grc'>4</span> <span class='ocrx_word' id='word_1_341' title='bbox 619 2520 763 2564; x_wconf 85' lang='lat' dir='ltr'>‘postea</span> <span class='ocrx_word' id='word_1_342' title='bbox 789 2531 875 2553; x_wconf 85' lang='lat' dir='ltr'>uero</span> <span class='ocrx_word' id='word_1_343' title='bbox 900 2521 1076 2563; x_wconf 83' lang='lat' dir='ltr'>Epicurus</span> <span class='ocrx_word' id='word_1_344' title='bbox 1103 2521 1208 2552; x_wconf 86' lang='lat' dir='ltr'>deum</span> <span class='ocrx_word' id='word_1_345' title='bbox 1234 2522 1378 2564; x_wconf 86' lang='lat' dir='ltr'>quidem</span> <span class='ocrx_word' id='word_1_346' title='bbox 1406 2532 1485 2554; x_wconf 82' lang='lat' dir='ltr'>esse</span> <span class='ocrx_word' id='word_1_347' title='bbox 1513 2521 1612 2560; x_wconf 77' lang='lat' dir='ltr'>dixit,</span> 
     </span>
     <span class='ocr_line' id='line_1_42' title="bbox 194 2585 1615 2629; baseline 0.001 -13"><span class='ocrx_word' id='word_1_348' title='bbox 194 2585 279 2629; x_wconf 89' lang='lat' dir='ltr'>quia</span> <span class='ocrx_word' id='word_1_349' title='bbox 310 2595 458 2617; x_wconf 87' lang='lat' dir='ltr'>necesse</span> <span class='ocrx_word' id='word_1_350' title='bbox 491 2585 537 2617; x_wconf 90' lang='lat' dir='ltr'>sit</span> <span class='ocrx_word' id='word_1_351' title='bbox 571 2596 650 2618; x_wconf 87' lang='lat' dir='ltr'>esse</span> <span class='ocrx_word' id='word_1_352' title='bbox 685 2585 821 2628; x_wconf 84' lang='lat' dir='ltr'>aliquid</span> <span class='ocrx_word' id='word_1_353' title='bbox 857 2586 894 2617; x_wconf 91' lang='lat' dir='ltr'>in</span> <span class='ocrx_word' id='word_1_354' title='bbox 926 2586 1058 2617; x_wconf 88' lang='lat' dir='ltr'>mundo</span> <span class='ocrx_word' id='word_1_355' title='bbox 1092 2591 1277 2628; x_wconf 79' lang='lat' dir='ltr'>praestans</span> <span class='ocrx_word' id='word_1_356' title='bbox 1311 2591 1347 2618; x_wconf 82' lang='lat' dir='ltr'>et</span> <span class='ocrx_word' id='word_1_357' title='bbox 1379 2586 1546 2619; x_wconf 85' lang='lat' dir='ltr'>eximium</span> <span class='ocrx_word' id='word_1_358' title='bbox 1581 2590 1615 2617; x_wconf 87' lang='lat' dir='ltr'>et</span> 
     </span>
    </p>
   </div>
   <div class='ocr_carea' id='block_1_8' title="bbox 315 2744 1599 2789">
    <p class='ocr_par' dir='ltr' id='par_1_13' title="bbox 315 2744 1599 2789">
     <span class='ocr_line' id='line_1_43' title="bbox 315 2744 1599 2789; baseline -0.002 -10"><span class='ocrx_word' id='word_1_359' title='bbox 315 2745 337 2779; x_wconf 85' lang='lat' dir='ltr'>S</span> <span class='ocrx_word' id='word_1_360' title='bbox 363 2745 424 2779; x_wconf 79' lang='grc' dir='ltr'>καὶ</span> <span class='ocrx_word' id='word_1_361' title='bbox 450 2744 520 2788; x_wconf 88' lang='grc' dir='ltr'>τήν</span> <span class='ocrx_word' id='word_1_362' title='bbox 549 2755 592 2786; x_wconf 84' lang='grc' dir='ltr'>γε</span> <span class='ocrx_word' id='word_1_363' title='bbox 619 2745 703 2779; x_wconf 77' lang='lat' dir='ltr'>libri</span> <span class='ocrx_word' id='word_1_364' title='bbox 750 2745 755 2789; x_wconf 81' lang='grc' dir='ltr'>Ι</span> <span class='ocrx_word' id='word_1_365' title='bbox 802 2745 848 2779; x_wconf 83' lang='grc'>28</span> <span class='ocrx_word' id='word_1_366' title='bbox 875 2757 897 2778; x_wconf 87' lang='lat' dir='ltr'><strong><em>a</em></strong></span> <span class='ocrx_word' id='word_1_367' title='bbox 924 2750 1068 2778; x_wconf 76' lang='lat' dir='ltr'>socrate</span> <span class='ocrx_word' id='word_1_368' title='bbox 1094 2756 1209 2788; x_wconf 77' lang='lat' dir='ltr'>usque</span> <span class='ocrx_word' id='word_1_369' title='bbox 1232 2747 1284 2777; x_wconf 83' lang='lat' dir='ltr'>ad</span> <span class='ocrx_word' id='word_1_370' title='bbox 1302 2747 1490 2788; x_wconf 83' lang='lat' dir='ltr'>platonem</span> <span class='ocrx_word' id='word_1_371' title='bbox 1515 2744 1599 2777; x_wconf 85' lang='lat' dir='ltr'>libri</span> 
     </span>
    </p>
   </div>
  </div>
 </body>
</html>
