1842 3250
264 192 335 227 836
755 191 962 225 EPICVRI
996 192 1187 224 ETHICA

169 306 240 341 598
385 305 581 341 LAERTxvs
605 304 714 339 DIOG.
748 314 775 340 x
803 305 873 339 118
915 304 980 340 ὅτε
1016 305 1144 347 μέντοι
1178 305 1422 349 στρεβλοῦται
1454 305 1492 348 (ὁ
1528 304 1678 348 σοφός),

267 370 357 405 ἔνθα
383 371 443 405 καὶ
469 371 573 413 μύζει
598 371 660 405 καὶ
686 369 847 413 οἰμώζει.

172 438 242 472 599
388 439 531 475 CIOERO
548 442 654 475 Tusc.
673 441 764 484 disp.
783 448 807 473 v
827 440 883 479 38,
903 439 971 474 110
996 438 1133 472 ‘motus
1151 439 1268 478 animi,
1287 439 1548 471 sollicitudines
1568 438 1680 479 aegri-

266 505 479 548 tudinesque
507 504 692 537 obliuione
719 504 900 536 leniuntur
925 504 1097 536 traductis
1127 503 1251 537 animis
1278 504 1322 535 ad
1345 503 1578 547 uoluptatem.
1607 513 1678 535 non

268 570 344 602 sine
382 579 489 602 causa
526 569 632 610 igitur
663 569 840 612 Epicurus
879 578 986 600 ausus
1026 574 1080 600 est
1115 568 1235 600 dicere
1269 578 1407 612 semper
1445 568 1481 599 in
1518 567 1679 610 pluribus
1704 572 1720 598 5

266 633 373 666 bonis
400 644 479 666 esse
500 633 707 677 sapientem,
734 634 818 676 quia
837 643 976 675 semper
1003 632 1048 664 sit
1075 633 1109 665 in
1129 631 1393 675 uoluptatibus:
1420 642 1460 664 ex
1487 641 1559 674 quo
1588 630 1680 663 effici

266 703 365 742 putat
390 697 454 730 ille
483 723 490 731 .
511 724 518 732 .
539 722 547 730 .
564 722 572 736 ,
600 702 637 729 ut
664 698 806 740 sapiens
835 707 973 740 semper
998 697 1122 729 beatus
1150 696 1205 729 sit.
1253 695 1431 728 “etiamne
1458 696 1488 728 si
1515 695 1680 728 sensibus
1703 701 1784 734 (111)

265 762 400 794 carebit
426 762 622 799 oculorum,
650 762 681 793 si
707 760 892 793 aurium?''
918 761 1035 799 etiam,
1061 771 1141 793 nam
1169 760 1235 792 ista
1263 760 1341 803 ipsa
1367 759 1570 793 contemnit.
1612 757 1680 801 pri-

264 836 358 858 mum
385 826 477 858 enim
507 826 689 858 horribilis
716 825 785 858 ista
814 825 963 858 caecitas
990 824 1121 868 quibus
1140 825 1281 857 tandem
1300 829 1395 856 caret
1414 821 1681 866 uoluptatibus?

265 901 342 923 cum
370 890 514 933 quidam
549 889 654 921 etiam
688 888 871 931 disputent
908 892 1043 919 ceteras
1078 887 1283 930 uoluptates
1318 886 1354 918 in
1393 886 1481 929 ipsis
1519 885 1680 917 habitare
1708 891 1738 916 m

266 955 444 993 sensibus,
471 964 561 997 quae
590 959 707 986 autem
734 957 879 995 aspectu
899 951 1147 994 percipiantur,
1176 961 1218 984 ea
1244 961 1313 983 non
1341 951 1473 983 uersari
1501 950 1536 983 in
1556 949 1680 981 oculo—

266 1029 340 1050 rum
373 1018 448 1050 ulla
481 1018 710 1056 iucunditate,
748 1022 786 1048 ut
820 1026 861 1048 ea
893 1026 985 1058 quae
1020 1024 1202 1056 gustemus
1236 1015 1446 1047 olfaciamus
1479 1019 1680 1052 tractemus,

266 1084 300 1115 in
327 1094 369 1115 ea
391 1082 469 1126 ipsa
494 1082 556 1114 ubi
584 1081 753 1114 sentimus
779 1086 877 1124 parte
906 1084 1114 1113 uersentur:
1153 1080 1188 1112 in
1217 1078 1331 1112 oculis
1358 1079 1429 1112 tale
1455 1079 1505 1111 nil
1531 1078 1580 1118 fit,
1612 1078 1681 1110 ani·

266 1157 343 1180 mus
377 1147 506 1190 accipit
540 1156 630 1189 quae
669 1145 844 1178 uidemus.
901 1145 1018 1177 animo
1054 1148 1170 1176 autem
1204 1143 1322 1176 multis
1358 1143 1474 1175 modis
1501 1143 1680 1186 uariisque

265 1212 433 1245 delectari
461 1212 556 1250 licet,
593 1211 696 1244 etiam
739 1210 767 1242 si
793 1220 864 1242 non
892 1209 1104 1242 adhibeatur
1133 1213 1311 1252 aspectus:
1355 1208 1487 1251 loquor
1518 1207 1609 1240 enirn
1636 1207 1681 1239 de
1707 1212 1737 1239 ιε

267 1279 374 1310 docto
405 1277 549 1309 homine
582 1281 616 1308 et
650 1276 802 1313 erudito,
837 1274 895 1307 cui
922 1274 1041 1306 uiuere
1078 1279 1130 1306 est
1165 1274 1334 1315 cogitare,
1369 1272 1540 1316 sapientis
1565 1278 1681 1304 autem

267 1341 435 1382 cogitatio
474 1351 545 1372 non
583 1340 692 1371 fenne
724 1339 767 1371 ad
808 1337 1095 1379 inuestigandum
1132 1337 1279 1369 adhibet
1317 1337 1442 1369 oculos
1475 1337 1681 1370 aduocatos.

267 1406 397 1438 etenim
418 1405 447 1437 si
465 1415 535 1437 nox
555 1414 625 1436 non
646 1403 769 1436 adimit
787 1403 895 1435 uitam
913 1402 1065 1441 beatam,
1092 1412 1152 1434 cur
1172 1402 1248 1434 dies
1268 1402 1365 1434 nocti
1385 1401 1512 1434 similis
1531 1400 1683 1434 adimat?
1705 1406 1784 1439 (112)

266 1494 386 1505 .....
414 1466 590 1510 (39,114)
616 1466 841 1500 Democritus
873 1467 1069 1500 luminibus
1102 1466 1240 1498 amissis
1274 1466 1356 1499 alba
1389 1466 1527 1498 scilicet
1552 1466 1682 1497 discer-

267 1544 351 1566 nere
377 1538 412 1566 et
438 1538 511 1566 atra
537 1543 607 1566 non
633 1537 788 1576 poterat:
815 1536 850 1563 at
875 1541 962 1564 uero
991 1531 1087 1564 bona
1112 1531 1216 1569 mala.
1246 1540 1359 1574 aequa
1375 1530 1506 1572 iniqua,
1532 1530 1682 1562 honesta
1705 1537 1739 1564 2⁰

267 1599 392 1641 turpia,
418 1597 520 1630 utilia
537 1597 688 1635 inutilia,
714 1606 842 1637 magna
860 1606 968 1639 parua
986 1600 1136 1638 poterat,
1164 1600 1199 1627 et
1225 1595 1301 1627 siue
1319 1595 1495 1627 uarietate
1521 1593 1681 1627 colorum

266 1663 398 1696 licebat
432 1663 552 1695 uiuere
586 1662 701 1699 beate,
742 1661 819 1693 sine
852 1660 1001 1694 notione
1035 1670 1150 1692 rerum
1183 1670 1253 1692 non
1285 1660 1429 1693 licebat.
1493 1665 1598 1701 atque
1623 1658 1682 1690 hic

266 1728 320 1759 uir
345 1727 498 1771 inpediri
517 1727 622 1758 etiam
653 1724 760 1757 animi
791 1724 902 1756 aciem
922 1728 1065 1767 aspectu
1087 1724 1273 1756 oculorum
1297 1723 1532 1756 arbitrabatur
1551 1728 1584 1755 ct
1603 1733 1680 1755 cum

266 1792 327 1824 alii
355 1802 461 1835 saepe
488 1790 585 1834 quod
618 1795 698 1822 ante
725 1789 836 1832 pedes
872 1793 967 1821 esset
997 1799 1068 1821 non
1102 1788 1278 1826 uiderent,
1314 1788 1378 1821 ille
1410 1788 1447 1820 in
1473 1787 1681 1820 infinitatem

266 1951 451 1994 Cyrenaici
477 1950 520 1983 cf.
544 1950 660 1982 Laert.
687 1949 797 1990 Diog.
825 1956 851 1982 n
869 1947 914 1982 91
942 1945 1177 1990 λυπήσεσθαι
1204 1947 1332 1989 μέντοι
1359 1947 1419 1981 καὶ
1445 1946 1681 1990 φοβήσεσθαι

265 2009 350 2051 (τὸν
377 2009 529 2053 σοφόν),
557 2010 727 2051 φυσικῶς
752 2007 824 2051 γὰρ
851 2005 1021 2049 γίνεσθαι

389 2069 404 2101 1
426 2068 618 2111 opponitur
637 2068 832 2107 fragmento
849 2066 931 2105 601,
949 2065 1132 2108 praecedit
1148 2065 1188 2097 fr.
1202 2063 1271 2098 589
1294 2064 1300 2108 Ι
1322 2064 1390 2107 μέν
1407 2074 1463 2106 τις
1477 2065 1495 2097 f
1512 2063 1518 2109 Ι
1541 2064 1562 2100 2
1579 2063 1681 2107 μύξει

266 2119 418 2160 FP²H²f
452 2125 458 2171 Ι
493 2126 644 2168 οἰμώξει
670 2126 841 2167 FP2QHf
878 2124 894 2168 u
940 2125 981 2158 12
1011 2129 1208 2156 tractemus
1232 2126 1469 2156 audiamus
1496 2126 1533 2156 in
1560 2123 1644 2156 libri
1678 2123 1683 2166 Ι

270 2187 311 2220 19
339 2187 436 2229 quod
461 2185 534 2219 Cic.
561 2186 711 2228 primum
738 2184 923 2225 subiungit
940 2184 1123 2226 Antipatri
1142 2183 1328 2226 Cyrenaici
1354 2182 1416 2226 (cs.
1433 2184 1552 2217 Laert.
1571 2182 1680 2223 Diog.

266 2253 291 2279 11
319 2246 382 2289 86)
409 2244 675 2288 apophthegma
698 2245 733 2276 in
762 2243 929 2286 primario
965 2243 1063 2276 sonte
1096 2242 1246 2275 relatum
1278 2252 1357 2274 esse
1383 2241 1501 2284 potuit
1538 2241 1544 2284 Ι
1583 2241 1681 2274 fabu-

265 2304 379 2337 losam
405 2303 603 2336 Democriti
635 2303 841 2335 caecitatem
870 2303 969 2335 suere
998 2302 1058 2344 qui
1084 2302 1120 2334 in
1147 2301 1259 2334 maius
1292 2307 1472 2342 augerent,
1506 2299 1605 2343 quod
1631 2299 1683 2331 ui·

266 2368 405 2407 tuperat
429 2362 641 2395 Plutarchus
675 2363 719 2394 de
746 2363 877 2395 curios.
907 2362 948 2394 12
974 2372 1008 2404 p.
1026 2359 1116 2395 521d
1142 2370 1258 2404 neque
1284 2359 1488 2392 Antiochus
1515 2359 1592 2390 sine
1619 2359 1681 2390 du-

267 2423 442 2456 bitatione
467 2427 735 2459 memorauerat,
762 2426 799 2452 ut
825 2421 929 2453 uides
956 2431 1010 2464 ap.
1038 2419 1247 2452 Ciceronem
1274 2419 1318 2451 de
1345 2418 1476 2451 finibus
1503 2424 1525 2450 v
1549 2417 1607 2455 29,
1623 2417 1681 2451 87.

266 2482 385 2525 itaque
412 2481 480 2513 hoe
507 2481 589 2512 loco
608 2480 732 2512 Cicero
761 2485 962 2523 suspectum
987 2478 1093 2522 illud,
1120 2477 1333 2510 Abderitam
1360 2487 1399 2509 se
1422 2476 1538 2520 ipsum
1566 2475 1680 2508 oculis

266 2540 478 2584 priuauisse.
512 2539 641 2576 omisit,
676 2539 819 2571 retinuit
852 2538 1067 2571 caecitatem.
1111 2537 1202 2569 hane
1237 2547 1323 2568 uero
1357 2536 1385 2568 si
1420 2545 1492 2568 non
1524 2535 1568 2566 ab
1602 2534 1681 2576 ipso

266 2599 435 2642 Epicuro,
461 2598 585 2630 saltem
608 2609 628 2629 a
646 2598 842 2629 uetustiore
869 2597 1041 2640 scriptore
1055 2596 1234 2639 Epicureo
1260 2594 1424 2627 traditam
1442 2594 1555 2626 fuisse
1574 2592 1678 2625 fidem

268 2658 350 2690 facit
382 2657 441 2690 hic
474 2657 576 2689 loeus
630 2655 635 2686 Ι
688 2656 735 2690 22
760 2656 840 2689 fort.
865 2657 1049 2688 notatione
1101 2655 1106 2696 Ι
1159 2655 1204 2687 24
1226 2665 1277 2696 sq.
1304 2653 1392 2685 haec
1419 2653 1462 2685 ad
1491 2652 1680 2695 Epicurum

266 2716 382 2760 ipsum
408 2715 578 2749 translata
603 2715 714 2747 habes
741 2714 836 2756 apud
860 2714 1065 2747 Lucretium
1092 2720 1104 2746 1
1132 2713 1248 2747 72-4
1275 2713 1319 2745 cs.
1347 2719 1392 2745 111
1422 2712 1465 2746 14
1485 2721 1561 2754 sqq.
