<?xml version="1.0" encoding="UTF-8"?>
<!DOCTYPE html PUBLIC "-//W3C//DTD XHTML 1.0 Transitional//EN"
    "http://www.w3.org/TR/xhtml1/DTD/xhtml1-transitional.dtd">
<html xmlns="http://www.w3.org/1999/xhtml" xml:lang="en" lang="en">
 <head>
  <title>
</title>
<meta http-equiv="Content-Type" content="text/html;charset=utf-8" />
  <meta name='ocr-system' content='tesseract 3.04.00' />
  <meta name='ocr-capabilities' content='ocr_page ocr_carea ocr_par ocr_line ocrx_word'/>
</head>
<body>
  <div class='ocr_page' id='page_1' title='image "./epicvreaedidithe00epicuoft/epicvreaedidithe00epicuoft_0383.png"; bbox 0 0 1842 3250; ppageno 0'>
   <div class='ocr_carea' id='block_1_1' title="bbox 668 250 1590 285">
    <p class='ocr_par' dir='ltr' id='par_1_1' title="bbox 668 250 1590 285">
     <span class='ocr_line' id='line_1_1' title="bbox 668 250 1590 285; baseline 0.003 -3"><span class='ocrx_word' id='word_1_1' title='bbox 668 250 871 282; x_wconf 80' lang='lat' dir='ltr'>EPICVRI</span> <span class='ocrx_word' id='word_1_2' title='bbox 899 252 1089 285; x_wconf 81' lang='lat' dir='ltr'><strong>ETHICA</strong></span> <span class='ocrx_word' id='word_1_3' title='bbox 1520 252 1590 285; x_wconf 82' lang='lat'>299</span> 
     </span>
    </p>
   </div>
   <div class='ocr_carea' id='block_1_2' title="bbox 83 362 1591 1115">
    <p class='ocr_par' dir='ltr' id='par_1_2' title="bbox 83 362 1591 600">
     <span class='ocr_line' id='line_1_2' title="bbox 83 362 1591 409; baseline 0.002 -11"><span class='ocrx_word' id='word_1_4' title='bbox 83 364 154 399; x_wconf 85' lang='lat'>464</span> <span class='ocrx_word' id='word_1_5' title='bbox 301 362 548 397; x_wconf 75' lang='lat' dir='ltr'>PORPHYmvs</span> <span class='ocrx_word' id='word_1_6' title='bbox 576 363 620 396; x_wconf 89' lang='lat' dir='ltr'>de</span> <span class='ocrx_word' id='word_1_7' title='bbox 647 363 774 397; x_wconf 79' lang='lat' dir='ltr'><strong>abstin.</strong></span> <span class='ocrx_word' id='word_1_8' title='bbox 802 372 816 397; x_wconf 86' lang='lat'>1</span> <span class='ocrx_word' id='word_1_9' title='bbox 842 365 884 398; x_wconf 77' lang='lat'>51</span> <span class='ocrx_word' id='word_1_10' title='bbox 906 376 957 409; x_wconf 91' lang='lat' dir='ltr'>sq.</span> <span class='ocrx_word' id='word_1_11' title='bbox 999 365 1050 405; x_wconf 85' lang='grc' dir='ltr'>ὡς</span> <span class='ocrx_word' id='word_1_12' title='bbox 1080 366 1125 399; x_wconf 90' lang='grc' dir='ltr'>τό</span> <span class='ocrx_word' id='word_1_13' title='bbox 1157 375 1199 406; x_wconf 88' lang='grc' dir='ltr'>γε</span> <span class='ocrx_word' id='word_1_14' title='bbox 1231 367 1299 406; x_wconf 80' lang='grc' dir='ltr'>τῆς</span> <span class='ocrx_word' id='word_1_15' title='bbox 1330 365 1591 409; x_wconf 88' lang='grc' dir='ltr'>σαρκοφαγίας</span> 
     </span>
     <span class='ocr_line' id='line_1_3' title="bbox 181 426 1588 471; baseline 0.002 -10"><span class='ocrx_word' id='word_1_16' title='bbox 181 427 261 462; x_wconf 79' lang='grc' dir='ltr'>οὔτ’</span> <span class='ocrx_word' id='word_1_17' title='bbox 290 426 398 461; x_wconf 84' lang='grc' dir='ltr'>ἔλυέν</span> <span class='ocrx_word' id='word_1_18' title='bbox 424 438 460 461; x_wconf 88' lang='grc' dir='ltr'>τι</span> <span class='ocrx_word' id='word_1_19' title='bbox 486 426 648 471; x_wconf 83' lang='grc' dir='ltr'>ὀχληρὸν</span> <span class='ocrx_word' id='word_1_20' title='bbox 679 430 749 471; x_wconf 85' lang='grc' dir='ltr'>τῆς</span> <span class='ocrx_word' id='word_1_21' title='bbox 780 429 933 471; x_wconf 85' lang='grc' dir='ltr'>φύσεως</span> <span class='ocrx_word' id='word_1_22' title='bbox 966 428 1047 464; x_wconf 84' lang='grc' dir='ltr'>οὔθ’</span> <span class='ocrx_word' id='word_1_23' title='bbox 1074 429 1097 463; x_wconf 86' lang='grc' dir='ltr'><strong>ὃ</strong></span> <span class='ocrx_word' id='word_1_24' title='bbox 1121 430 1171 471; x_wconf 86' lang='grc' dir='ltr'>μή</span> <span class='ocrx_word' id='word_1_25' title='bbox 1197 430 1497 470; x_wconf 83' lang='grc' dir='ltr'>συντελούμενον</span> <span class='ocrx_word' id='word_1_26' title='bbox 1531 430 1588 464; x_wconf 79' lang='grc' dir='ltr'>ἐπ’</span> 
     </span>
     <span class='ocr_line' id='line_1_4' title="bbox 180 490 1589 539; baseline 0.003 -15"><span class='ocrx_word' id='word_1_27' title='bbox 180 490 371 533; x_wconf 79' lang='grc' dir='ltr'>ἀλγηδόνα</span> <span class='ocrx_word' id='word_1_28' title='bbox 398 491 549 534; x_wconf 88' lang='grc' dir='ltr'>ἠνύετο,</span> <span class='ocrx_word' id='word_1_29' title='bbox 588 492 658 534; x_wconf 88' lang='grc' dir='ltr'>τὴν</span> <span class='ocrx_word' id='word_1_30' title='bbox 686 492 726 527; x_wconf 79' lang='grc' dir='ltr'>δὲ</span> <span class='ocrx_word' id='word_1_31' title='bbox 751 491 859 536; x_wconf 84' lang='grc' dir='ltr'>χάριν</span> <span class='ocrx_word' id='word_1_32' title='bbox 886 491 1007 535; x_wconf 83' lang='grc' dir='ltr'>βιαίαν</span> <span class='ocrx_word' id='word_1_33' title='bbox 1035 494 1110 536; x_wconf 83' lang='grc' dir='ltr'>εἶχε</span> <span class='ocrx_word' id='word_1_34' title='bbox 1140 494 1200 528; x_wconf 80' lang='grc' dir='ltr'>καὶ</span> <span class='ocrx_word' id='word_1_35' title='bbox 1226 494 1321 536; x_wconf 86' lang='grc' dir='ltr'>ταχὺ</span> <span class='ocrx_word' id='word_1_36' title='bbox 1348 496 1402 537; x_wconf 76' lang='grc' dir='ltr'>τῷ</span> <span class='ocrx_word' id='word_1_37' title='bbox 1429 494 1589 539; x_wconf 81' lang='grc' dir='ltr'>ἐναντίῳ</span> 
     </span>
     <span class='ocr_line' id='line_1_5' title="bbox 181 555 1590 600; baseline 0.003 -12"><span class='ocrx_word' id='word_1_38' title='bbox 181 555 421 599; x_wconf 80' lang='grc' dir='ltr'>μιγνυμένην.</span> <span class='ocrx_word' id='word_1_39' title='bbox 449 556 494 600; x_wconf 81' lang='grc' dir='ltr'>οὐ</span> <span class='ocrx_word' id='word_1_40' title='bbox 524 556 596 599; x_wconf 85' lang='grc' dir='ltr'>γὰρ</span> <span class='ocrx_word' id='word_1_41' title='bbox 621 556 715 598; x_wconf 80' lang='grc' dir='ltr'>πρὸς</span> <span class='ocrx_word' id='word_1_42' title='bbox 740 558 840 598; x_wconf 84' lang='grc' dir='ltr'>ζωῆς</span> <span class='ocrx_word' id='word_1_43' title='bbox 866 557 1074 599; x_wconf 85' lang='grc' dir='ltr'>συμμονήν,</span> <span class='ocrx_word' id='word_1_44' title='bbox 1103 558 1196 600; x_wconf 88' lang='grc' dir='ltr'>πρὸς</span> <span class='ocrx_word' id='word_1_45' title='bbox 1223 558 1263 592; x_wconf 81' lang='grc' dir='ltr'>δέ</span> <span class='ocrx_word' id='word_1_46' title='bbox 1288 556 1475 592; x_wconf 80' lang='grc' dir='ltr'>ποικιλίαν</span> <span class='ocrx_word' id='word_1_47' title='bbox 1502 558 1590 599; x_wconf 90' lang='grc' dir='ltr'>ἡδο-</span> 
     </span>
    </p>

    <p class='ocr_par' dir='ltr' id='par_1_3' title="bbox 140 619 1590 922">
     <span class='ocr_line' id='line_1_6' title="bbox 140 619 1589 664; baseline 0.002 -12"><span class='ocrx_word' id='word_1_48' title='bbox 140 627 156 652; x_wconf 87' lang='grc'>5</span> <span class='ocrx_word' id='word_1_49' title='bbox 180 622 258 654; x_wconf 91' lang='grc' dir='ltr'>νῶν</span> <span class='ocrx_word' id='word_1_50' title='bbox 285 619 546 662; x_wconf 83' lang='grc' dir='ltr'>συνεβάλλετο,</span> <span class='ocrx_word' id='word_1_51' title='bbox 575 620 696 662; x_wconf 85' lang='grc' dir='ltr'>ἐοικὸς</span> <span class='ocrx_word' id='word_1_52' title='bbox 715 620 950 664; x_wconf 81' lang='grc' dir='ltr'>ἀφροδισίοις</span> <span class='ocrx_word' id='word_1_53' title='bbox 975 621 998 664; x_wconf 80' lang='grc' dir='ltr'>ἢ</span> <span class='ocrx_word' id='word_1_54' title='bbox 1024 623 1181 657; x_wconf 81' lang='grc' dir='ltr'>ξενικῶν</span> <span class='ocrx_word' id='word_1_55' title='bbox 1206 621 1320 656; x_wconf 76' lang='grc' dir='ltr'>οἴνων</span> <span class='ocrx_word' id='word_1_56' title='bbox 1339 622 1507 664; x_wconf 86' lang='grc' dir='ltr'>πόσεσιν,</span> <span class='ocrx_word' id='word_1_57' title='bbox 1534 621 1589 656; x_wconf 83' lang='grc' dir='ltr'>ὧν</span> 
     </span>
     <span class='ocr_line' id='line_1_7' title="bbox 181 683 1589 729; baseline 0.001 -11"><span class='ocrx_word' id='word_1_58' title='bbox 181 685 240 718; x_wconf 78' lang='grc' dir='ltr'>καὶ</span> <span class='ocrx_word' id='word_1_59' title='bbox 266 684 379 727; x_wconf 82' lang='grc' dir='ltr'>χωρίς</span> <span class='ocrx_word' id='word_1_60' title='bbox 410 683 595 725; x_wconf 84' lang='grc' dir='ltr'>διαμένειν</span> <span class='ocrx_word' id='word_1_61' title='bbox 631 685 788 719; x_wconf 89' lang='grc' dir='ltr'>δύναται</span> <span class='ocrx_word' id='word_1_62' title='bbox 814 686 837 727; x_wconf 89' lang='grc' dir='ltr'>ἡ</span> <span class='ocrx_word' id='word_1_63' title='bbox 868 686 989 728; x_wconf 82' lang='grc' dir='ltr'>φύσις.</span> <span class='ocrx_word' id='word_1_64' title='bbox 1043 685 1098 720; x_wconf 83' lang='grc' dir='ltr'>ὧν</span> <span class='ocrx_word' id='word_1_65' title='bbox 1126 686 1166 720; x_wconf 80' lang='grc' dir='ltr'>δὲ</span> <span class='ocrx_word' id='word_1_66' title='bbox 1192 687 1305 729; x_wconf 78' lang='grc' dir='ltr'>χωρὶς</span> <span class='ocrx_word' id='word_1_67' title='bbox 1330 687 1400 721; x_wconf 87' lang='grc' dir='ltr'>οὐκ</span> <span class='ocrx_word' id='word_1_68' title='bbox 1426 686 1471 720; x_wconf 86' lang='grc' dir='ltr'>ἂν</span> <span class='ocrx_word' id='word_1_69' title='bbox 1497 687 1589 720; x_wconf 82' lang='grc' dir='ltr'>ὑπο-</span> 
     </span>
     <span class='ocr_line' id='line_1_8' title="bbox 180 747 1590 795; baseline 0.001 -12"><span class='ocrx_word' id='word_1_70' title='bbox 180 747 349 791; x_wconf 86' lang='grc' dir='ltr'>μείνειεν,</span> <span class='ocrx_word' id='word_1_71' title='bbox 390 747 528 790; x_wconf 85' lang='grc' dir='ltr'>βραχέα</span> <span class='ocrx_word' id='word_1_72' title='bbox 561 747 801 783; x_wconf 84' lang='grc' dir='ltr'>παντάπασίν</span> <span class='ocrx_word' id='word_1_73' title='bbox 828 749 908 784; x_wconf 82' lang='grc' dir='ltr'>ἐστι</span> <span class='ocrx_word' id='word_1_74' title='bbox 944 750 1002 783; x_wconf 84' lang='grc' dir='ltr'>καὶ</span> <span class='ocrx_word' id='word_1_75' title='bbox 1029 750 1219 793; x_wconf 84' lang='grc' dir='ltr'>δυνάμενα</span> <span class='ocrx_word' id='word_1_76' title='bbox 1245 750 1384 795; x_wconf 78' lang='grc' dir='ltr'>ῥᾳδίως</span> <span class='ocrx_word' id='word_1_77' title='bbox 1409 751 1470 784; x_wconf 84' lang='grc' dir='ltr'>καὶ</span> <span class='ocrx_word' id='word_1_78' title='bbox 1496 751 1590 793; x_wconf 84' lang='grc' dir='ltr'>μετὰ</span> 
     </span>
     <span class='ocr_line' id='line_1_9' title="bbox 181 811 1590 859; baseline 0.002 -13"><span class='ocrx_word' id='word_1_79' title='bbox 181 812 420 856; x_wconf 83' lang='grc' dir='ltr'>δικαιοσύνης</span> <span class='ocrx_word' id='word_1_80' title='bbox 446 812 506 846; x_wconf 80' lang='grc' dir='ltr'>καὶ</span> <span class='ocrx_word' id='word_1_81' title='bbox 533 811 755 856; x_wconf 79' lang='grc' dir='ltr'>ἐλευθερίας,</span> <span class='ocrx_word' id='word_1_82' title='bbox 793 813 950 856; x_wconf 81' lang='grc' dir='ltr'>ἡσυχίας</span> <span class='ocrx_word' id='word_1_83' title='bbox 976 824 1018 848; x_wconf 90' lang='grc' dir='ltr'>τε</span> <span class='ocrx_word' id='word_1_84' title='bbox 1043 815 1103 848; x_wconf 77' lang='grc' dir='ltr'>καὶ</span> <span class='ocrx_word' id='word_1_85' title='bbox 1129 816 1271 857; x_wconf 82' lang='grc' dir='ltr'>πολλῆς</span> <span class='ocrx_word' id='word_1_86' title='bbox 1297 815 1498 859; x_wconf 83' lang='grc' dir='ltr'>ῥᾳστώνης</span> <span class='ocrx_word' id='word_1_87' title='bbox 1521 822 1590 849; x_wconf 86' lang='grc' dir='ltr'>πο-</span> 
     </span>
     <span class='ocr_line' id='line_1_10' title="bbox 178 876 1590 922; baseline 0.003 -11"><span class='ocrx_word' id='word_1_88' title='bbox 178 876 356 920; x_wconf 85' lang='grc' dir='ltr'>ρίζεσθαι.</span> <span class='ocrx_word' id='word_1_89' title='bbox 389 877 443 910; x_wconf 86' lang='grc' dir='ltr'>ἔτι</span> <span class='ocrx_word' id='word_1_90' title='bbox 470 877 511 911; x_wconf 83' lang='grc' dir='ltr'>δὲ</span> <span class='ocrx_word' id='word_1_91' title='bbox 538 877 627 912; x_wconf 79' lang='grc' dir='ltr'>οὐδὲ</span> <span class='ocrx_word' id='word_1_92' title='bbox 652 877 747 921; x_wconf 90' lang='grc' dir='ltr'>πρὸς</span> <span class='ocrx_word' id='word_1_93' title='bbox 772 877 900 920; x_wconf 84' lang='grc' dir='ltr'>ὑγείαν</span> <span class='ocrx_word' id='word_1_94' title='bbox 928 879 974 913; x_wconf 84' lang='grc' dir='ltr'>τὰ</span> <span class='ocrx_word' id='word_1_95' title='bbox 1001 879 1093 921; x_wconf 88' lang='grc' dir='ltr'>κρέα</span> <span class='ocrx_word' id='word_1_96' title='bbox 1119 881 1300 922; x_wconf 86' lang='grc' dir='ltr'>συντελεῖ,</span> <span class='ocrx_word' id='word_1_97' title='bbox 1327 879 1422 915; x_wconf 86' lang='grc' dir='ltr'>ἀλλὰ</span> <span class='ocrx_word' id='word_1_98' title='bbox 1448 881 1590 922; x_wconf 82' lang='grc' dir='ltr'>μᾶλλον</span> 
     </span>
    </p>

    <p class='ocr_par' dir='ltr' id='par_1_4' title="bbox 127 939 1590 1115">
     <span class='ocr_line' id='line_1_11' title="bbox 127 939 1590 987; baseline 0.003 -13"><span class='ocrx_word' id='word_1_99' title='bbox 127 949 157 973; x_wconf 86' lang='grc' dir='ltr'>ιο</span> <span class='ocrx_word' id='word_1_100' title='bbox 179 944 227 985; x_wconf 84' lang='grc' dir='ltr'>τῇ</span> <span class='ocrx_word' id='word_1_101' title='bbox 254 939 361 985; x_wconf 84' lang='grc' dir='ltr'>ὑγείᾳ</span> <span class='ocrx_word' id='word_1_102' title='bbox 387 940 587 983; x_wconf 80' lang='grc' dir='ltr'>ἐμποδίζει.</span> <span class='ocrx_word' id='word_1_103' title='bbox 642 941 687 975; x_wconf 84' lang='grc' dir='ltr'>δι’</span> <span class='ocrx_word' id='word_1_104' title='bbox 713 941 769 976; x_wconf 83' lang='grc' dir='ltr'>ὧν</span> <span class='ocrx_word' id='word_1_105' title='bbox 794 941 866 986; x_wconf 83' lang='grc' dir='ltr'>γὰρ</span> <span class='ocrx_word' id='word_1_106' title='bbox 892 941 998 984; x_wconf 82' lang='grc' dir='ltr'>ὑγεία</span> <span class='ocrx_word' id='word_1_107' title='bbox 1024 943 1241 987; x_wconf 82' lang='grc' dir='ltr'>ἀνακτᾶται,</span> <span class='ocrx_word' id='word_1_108' title='bbox 1269 944 1330 978; x_wconf 87' lang='grc' dir='ltr'>διὰ</span> <span class='ocrx_word' id='word_1_109' title='bbox 1355 945 1504 979; x_wconf 86' lang='grc' dir='ltr'>τούτων</span> <span class='ocrx_word' id='word_1_110' title='bbox 1529 945 1590 978; x_wconf 82' lang='grc' dir='ltr'>καὶ</span> 
     </span>
     <span class='ocr_line' id='line_1_12' title="bbox 181 1005 1590 1053; baseline 0.003 -14"><span class='ocrx_word' id='word_1_111' title='bbox 181 1005 363 1048; x_wconf 86' lang='grc' dir='ltr'>διαμένει·</span> <span class='ocrx_word' id='word_1_112' title='bbox 407 1005 614 1040; x_wconf 86' lang='grc' dir='ltr'>ἀνακτᾶται</span> <span class='ocrx_word' id='word_1_113' title='bbox 645 1005 685 1040; x_wconf 83' lang='grc' dir='ltr'>δὲ</span> <span class='ocrx_word' id='word_1_114' title='bbox 721 1006 781 1040; x_wconf 88' lang='grc' dir='ltr'>διὰ</span> <span class='ocrx_word' id='word_1_115' title='bbox 809 1008 879 1050; x_wconf 78' lang='grc' dir='ltr'>τῆς</span> <span class='ocrx_word' id='word_1_116' title='bbox 911 1008 1110 1050; x_wconf 86' lang='grc' dir='ltr'>λιτοτάτης</span> <span class='ocrx_word' id='word_1_117' title='bbox 1142 1009 1201 1043; x_wconf 78' lang='grc' dir='ltr'>καὶ</span> <span class='ocrx_word' id='word_1_118' title='bbox 1238 1008 1406 1052; x_wconf 81' lang='grc' dir='ltr'>ἀσάρκου</span> <span class='ocrx_word' id='word_1_119' title='bbox 1435 1008 1590 1053; x_wconf 83' lang='grc' dir='ltr'>διαίτης,</span> 
     </span>
     <span class='ocr_line' id='line_1_13' title="bbox 181 1070 854 1115; baseline -0.001 -10"><span class='ocrx_word' id='word_1_120' title='bbox 181 1071 276 1111; x_wconf 83' lang='grc' dir='ltr'>ὥςτε</span> <span class='ocrx_word' id='word_1_121' title='bbox 301 1070 362 1105; x_wconf 82' lang='grc' dir='ltr'>καὶ</span> <span class='ocrx_word' id='word_1_122' title='bbox 387 1070 508 1115; x_wconf 87' lang='grc' dir='ltr'>ταύτῃ</span> <span class='ocrx_word' id='word_1_123' title='bbox 536 1070 582 1105; x_wconf 83' lang='grc' dir='ltr'>ἂν</span> <span class='ocrx_word' id='word_1_124' title='bbox 607 1070 854 1113; x_wconf 86' lang='grc' dir='ltr'>συμμείνειεν.</span> 
     </span>
    </p>
   </div>
   <div class='ocr_carea' id='block_1_3' title="bbox 85 1148 1592 1842">
    <p class='ocr_par' dir='ltr' id='par_1_5' title="bbox 85 1148 1592 1260">
     <span class='ocr_line' id='line_1_14' title="bbox 85 1148 1592 1200; baseline 0.003 -17"><span class='ocrx_word' id='word_1_125' title='bbox 85 1148 155 1182; x_wconf 85' lang='grc'>465</span> <span class='ocrx_word' id='word_1_126' title='bbox 300 1151 547 1185; x_wconf 72' lang='grc' dir='ltr'>ΡοιιΡιιΥιιινε</span> <span class='ocrx_word' id='word_1_127' title='bbox 575 1153 618 1185; x_wconf 89' lang='lat' dir='ltr'>de</span> <span class='ocrx_word' id='word_1_128' title='bbox 645 1152 774 1185; x_wconf 83' lang='lat' dir='ltr'>abstin.</span> <span class='ocrx_word' id='word_1_129' title='bbox 803 1159 816 1185; x_wconf 87' lang='lat'>1</span> <span class='ocrx_word' id='word_1_130' title='bbox 843 1154 887 1187; x_wconf 77' lang='lat'>53</span> <span class='ocrx_word' id='word_1_131' title='bbox 924 1153 1087 1187; x_wconf 81' lang='grc' dir='ltr'>καθόλου</span> <span class='ocrx_word' id='word_1_132' title='bbox 1115 1153 1155 1187; x_wconf 84' lang='grc' dir='ltr'>δέ</span> <span class='ocrx_word' id='word_1_133' title='bbox 1181 1153 1303 1196; x_wconf 85' lang='grc' dir='ltr'>ὀρθῶς</span> <span class='ocrx_word' id='word_1_134' title='bbox 1329 1153 1350 1187; x_wconf 86' lang='grc' dir='ltr'>ὁ</span> <span class='ocrx_word' id='word_1_135' title='bbox 1376 1151 1592 1200; x_wconf 82' lang='grc' dir='ltr'>Ἐπίκουρος</span> 
     </span>
     <span class='ocr_line' id='line_1_15' title="bbox 181 1216 1591 1260; baseline 0.001 -9"><span class='ocrx_word' id='word_1_136' title='bbox 181 1217 346 1259; x_wconf 79' lang='grc' dir='ltr'>ἔφασκεν</span> <span class='ocrx_word' id='word_1_137' title='bbox 383 1216 613 1260; x_wconf 85' lang='grc' dir='ltr'>εὐλαβητέον</span> <span class='ocrx_word' id='word_1_138' title='bbox 644 1217 737 1252; x_wconf 81' lang='grc' dir='ltr'>εἶναι</span> <span class='ocrx_word' id='word_1_139' title='bbox 769 1217 929 1260; x_wconf 83' lang='grc' dir='ltr'>τροφήν,</span> <span class='ocrx_word' id='word_1_140' title='bbox 971 1218 1017 1259; x_wconf 89' lang='grc' dir='ltr'>ἣν</span> <span class='ocrx_word' id='word_1_141' title='bbox 1051 1217 1263 1252; x_wconf 84' lang='grc' dir='ltr'>ἀπολαῦσαι</span> <span class='ocrx_word' id='word_1_142' title='bbox 1296 1218 1364 1259; x_wconf 83' lang='grc' dir='ltr'>μὲν</span> <span class='ocrx_word' id='word_1_143' title='bbox 1396 1219 1591 1260; x_wconf 84' lang='grc' dir='ltr'>ποθοῦμεν</span> 
     </span>
    </p>

    <p class='ocr_par' dir='ltr' id='par_1_6' title="bbox 95 1281 1589 1584">
     <span class='ocr_line' id='line_1_16' title="bbox 125 1281 1589 1326; baseline 0.003 -14"><span class='ocrx_word' id='word_1_144' title='bbox 125 1287 156 1312; x_wconf 84' lang='lat'>15</span> <span class='ocrx_word' id='word_1_145' title='bbox 181 1282 240 1315; x_wconf 83' lang='grc' dir='ltr'>καὶ</span> <span class='ocrx_word' id='word_1_146' title='bbox 267 1281 466 1324; x_wconf 85' lang='grc' dir='ltr'>διώκομεν,</span> <span class='ocrx_word' id='word_1_147' title='bbox 494 1284 806 1317; x_wconf 82' lang='grc' dir='ltr'>συντελεσθεῖσαν</span> <span class='ocrx_word' id='word_1_148' title='bbox 834 1282 864 1315; x_wconf 85' lang='grc' dir='ltr'>δ’</span> <span class='ocrx_word' id='word_1_149' title='bbox 885 1282 924 1316; x_wconf 79' lang='grc' dir='ltr'>ἐν</span> <span class='ocrx_word' id='word_1_150' title='bbox 951 1281 1143 1326; x_wconf 84' lang='grc' dir='ltr'>ἀχαρίστῳ</span> <span class='ocrx_word' id='word_1_151' title='bbox 1171 1282 1330 1324; x_wconf 83' lang='grc' dir='ltr'>τίθεμεν.</span> <span class='ocrx_word' id='word_1_152' title='bbox 1363 1282 1521 1326; x_wconf 88' lang='grc' dir='ltr'>τοιαύτη</span> <span class='ocrx_word' id='word_1_153' title='bbox 1549 1283 1589 1317; x_wconf 83' lang='grc' dir='ltr'>δὲ</span> 
     </span>
     <span class='ocr_line' id='line_1_17' title="bbox 180 1346 1588 1390; baseline 0.001 -10"><span class='ocrx_word' id='word_1_154' title='bbox 180 1347 283 1380; x_wconf 86' lang='grc' dir='ltr'>πᾶσα</span> <span class='ocrx_word' id='word_1_155' title='bbox 308 1347 331 1387; x_wconf 82' lang='grc' dir='ltr'>ἡ</span> <span class='ocrx_word' id='word_1_156' title='bbox 359 1346 519 1388; x_wconf 83' lang='grc' dir='ltr'>δαψιλὴς</span> <span class='ocrx_word' id='word_1_157' title='bbox 545 1347 605 1380; x_wconf 82' lang='grc' dir='ltr'>καὶ</span> <span class='ocrx_word' id='word_1_158' title='bbox 633 1348 779 1388; x_wconf 87' lang='grc' dir='ltr'>παχεῖα.</span> <span class='ocrx_word' id='word_1_159' title='bbox 806 1348 867 1380; x_wconf 78' lang='grc' dir='ltr'>καὶ</span> <span class='ocrx_word' id='word_1_160' title='bbox 893 1349 1008 1381; x_wconf 91' lang='grc' dir='ltr'>τοῦτο</span> <span class='ocrx_word' id='word_1_161' title='bbox 1036 1346 1246 1388; x_wconf 83' lang='grc' dir='ltr'>πάσχουσιν</span> <span class='ocrx_word' id='word_1_162' title='bbox 1273 1346 1308 1381; x_wconf 77' lang='grc' dir='ltr'>οἱ</span> <span class='ocrx_word' id='word_1_163' title='bbox 1333 1348 1418 1390; x_wconf 82' lang='grc' dir='ltr'>περὶ</span> <span class='ocrx_word' id='word_1_164' title='bbox 1442 1347 1588 1390; x_wconf 89' lang='grc' dir='ltr'>ταύτην</span> 
     </span>
     <span class='ocr_line' id='line_1_18' title="bbox 180 1409 1588 1455; baseline 0.001 -10"><span class='ocrx_word' id='word_1_165' title='bbox 180 1410 417 1454; x_wconf 75' lang='grc' dir='ltr'>ἐπτοημένοι,</span> <span class='ocrx_word' id='word_1_166' title='bbox 445 1411 468 1452; x_wconf 83' lang='grc' dir='ltr'>ἢ</span> <span class='ocrx_word' id='word_1_167' title='bbox 490 1409 732 1454; x_wconf 85' lang='grc' dir='ltr'>ἀναλώμασιν</span> <span class='ocrx_word' id='word_1_168' title='bbox 760 1411 783 1453; x_wconf 88' lang='grc' dir='ltr'>ἢ</span> <span class='ocrx_word' id='word_1_169' title='bbox 810 1412 937 1453; x_wconf 86' lang='grc' dir='ltr'>νόσοις</span> <span class='ocrx_word' id='word_1_170' title='bbox 964 1412 985 1453; x_wconf 85' lang='grc' dir='ltr'>ἢ</span> <span class='ocrx_word' id='word_1_171' title='bbox 1011 1413 1210 1455; x_wconf 85' lang='grc' dir='ltr'>πλησμονῇ</span> <span class='ocrx_word' id='word_1_172' title='bbox 1229 1411 1252 1454; x_wconf 74' lang='grc' dir='ltr'>ἢ</span> <span class='ocrx_word' id='word_1_173' title='bbox 1272 1411 1462 1454; x_wconf 83' lang='grc' dir='ltr'>ἀσχολίαις</span> <span class='ocrx_word' id='word_1_174' title='bbox 1488 1423 1588 1455; x_wconf 90' lang='grc' dir='ltr'>περι-</span> 
     </span>
     <span class='ocr_line' id='line_1_19' title="bbox 95 1475 1589 1519; baseline 0.002 -11"><span class='ocrx_word' id='word_1_175' title='bbox 95 1483 157 1516; x_wconf 65' lang='grc' dir='ltr'>(ῡι)</span> <span class='ocrx_word' id='word_1_176' title='bbox 179 1475 391 1517; x_wconf 85' lang='grc' dir='ltr'>πίπτοντες.</span> <span class='ocrx_word' id='word_1_177' title='bbox 436 1475 493 1510; x_wconf 87' lang='grc' dir='ltr'>διὸ</span> <span class='ocrx_word' id='word_1_178' title='bbox 526 1477 585 1510; x_wconf 82' lang='grc' dir='ltr'>καί</span> <span class='ocrx_word' id='word_1_179' title='bbox 619 1477 679 1511; x_wconf 78' lang='grc' dir='ltr'>ἐπὶ</span> <span class='ocrx_word' id='word_1_180' title='bbox 713 1479 793 1510; x_wconf 82' lang='grc' dir='ltr'>τῶν</span> <span class='ocrx_word' id='word_1_181' title='bbox 823 1478 936 1511; x_wconf 83' lang='grc' dir='ltr'>λιτῶν</span> <span class='ocrx_word' id='word_1_182' title='bbox 970 1477 1185 1518; x_wconf 77' lang='grc' dir='ltr'>φυλακτέον</span> <span class='ocrx_word' id='word_1_183' title='bbox 1218 1477 1262 1510; x_wconf 91' lang='grc' dir='ltr'>τὸ</span> <span class='ocrx_word' id='word_1_184' title='bbox 1289 1476 1488 1519; x_wconf 83' lang='grc' dir='ltr'>πλήσμιον,</span> <span class='ocrx_word' id='word_1_185' title='bbox 1528 1477 1589 1511; x_wconf 80' lang='grc' dir='ltr'>καὶ</span> 
     </span>
     <span class='ocr_line' id='line_1_20' title="bbox 179 1540 1588 1584; baseline 0.002 -11"><span class='ocrx_word' id='word_1_186' title='bbox 179 1543 375 1582; x_wconf 87' lang='grc' dir='ltr'>πανταχοῦ</span> <span class='ocrx_word' id='word_1_187' title='bbox 410 1541 607 1584; x_wconf 86' lang='grc' dir='ltr'>σκεπτέον,</span> <span class='ocrx_word' id='word_1_188' title='bbox 645 1542 682 1575; x_wconf 89' lang='grc' dir='ltr'>τί</span> <span class='ocrx_word' id='word_1_189' title='bbox 714 1541 774 1575; x_wconf 83' lang='grc' dir='ltr'>διὰ</span> <span class='ocrx_word' id='word_1_190' title='bbox 801 1543 870 1584; x_wconf 82' lang='grc' dir='ltr'>τῆς</span> <span class='ocrx_word' id='word_1_191' title='bbox 896 1541 1143 1582; x_wconf 83' lang='grc' dir='ltr'>ἀπολαύσεως</span> <span class='ocrx_word' id='word_1_192' title='bbox 1169 1542 1191 1584; x_wconf 83' lang='grc' dir='ltr'>ἢ</span> <span class='ocrx_word' id='word_1_193' title='bbox 1219 1540 1389 1584; x_wconf 81' lang='grc' dir='ltr'>κτήσεως</span> <span class='ocrx_word' id='word_1_194' title='bbox 1421 1541 1588 1583; x_wconf 88' lang='grc' dir='ltr'>γίγνεται</span> 
     </span>
    </p>

    <p class='ocr_par' dir='ltr' id='par_1_7' title="bbox 125 1604 1591 1714">
     <span class='ocr_line' id='line_1_21' title="bbox 125 1604 1590 1649; baseline 0.001 -10"><span class='ocrx_word' id='word_1_195' title='bbox 125 1615 158 1640; x_wconf 82' lang='lat'>20</span> <span class='ocrx_word' id='word_1_196' title='bbox 181 1606 242 1639; x_wconf 80' lang='grc' dir='ltr'>καὶ</span> <span class='ocrx_word' id='word_1_197' title='bbox 275 1604 435 1647; x_wconf 87' lang='grc' dir='ltr'>πηλίκον</span> <span class='ocrx_word' id='word_1_198' title='bbox 469 1606 544 1648; x_wconf 77' lang='grc' dir='ltr'>ἔχει</span> <span class='ocrx_word' id='word_1_199' title='bbox 579 1606 735 1647; x_wconf 87' lang='grc' dir='ltr'>μέγεθος</span> <span class='ocrx_word' id='word_1_200' title='bbox 768 1607 828 1639; x_wconf 82' lang='grc' dir='ltr'>καὶ</span> <span class='ocrx_word' id='word_1_201' title='bbox 861 1605 962 1647; x_wconf 88' lang='grc' dir='ltr'>τίνος</span> <span class='ocrx_word' id='word_1_202' title='bbox 999 1606 1162 1649; x_wconf 81' lang='grc' dir='ltr'>ὁχληροῡ</span> <span class='ocrx_word' id='word_1_203' title='bbox 1196 1607 1360 1649; x_wconf 81' lang='grc' dir='ltr'>λυτικόν,</span> <span class='ocrx_word' id='word_1_204' title='bbox 1403 1606 1541 1649; x_wconf 88' lang='grc' dir='ltr'>σαρκὸς</span> <span class='ocrx_word' id='word_1_205' title='bbox 1568 1607 1590 1649; x_wconf 84' lang='grc' dir='ltr'>ἢ</span> 
     </span>
     <span class='ocr_line' id='line_1_22' title="bbox 181 1668 1591 1714; baseline 0 -11"><span class='ocrx_word' id='word_1_206' title='bbox 181 1671 316 1712; x_wconf 65' lang='grc' dir='ltr'>ψυχῆς,</span> <span class='ocrx_word' id='word_1_207' title='bbox 354 1670 402 1712; x_wconf 84' lang='grc' dir='ltr'>μὴ</span> <span class='ocrx_word' id='word_1_208' title='bbox 430 1669 490 1704; x_wconf 87' lang='grc' dir='ltr'>διὰ</span> <span class='ocrx_word' id='word_1_209' title='bbox 518 1668 677 1714; x_wconf 73' lang='grc' dir='ltr'>(κενὴν)</span> <span class='ocrx_word' id='word_1_210' title='bbox 706 1670 812 1713; x_wconf 87' lang='grc' dir='ltr'>χάριν</span> <span class='ocrx_word' id='word_1_211' title='bbox 839 1669 861 1711; x_wconf 88' lang='grc' dir='ltr'>ἡ</span> <span class='ocrx_word' id='word_1_212' title='bbox 890 1670 974 1713; x_wconf 79' lang='grc' dir='ltr'>περὶ</span> <span class='ocrx_word' id='word_1_213' title='bbox 1002 1669 1163 1704; x_wconf 83' lang='grc' dir='ltr'>ἑκάστου</span> <span class='ocrx_word' id='word_1_214' title='bbox 1192 1669 1456 1714; x_wconf 80' lang='grc' dir='ltr'>(πράγματος)</span> <span class='ocrx_word' id='word_1_215' title='bbox 1484 1670 1591 1704; x_wconf 80' lang='grc' dir='ltr'>ἔντα-</span> 
     </span>
    </p>

    <p class='ocr_par' dir='ltr' id='par_1_8' title="bbox 181 1732 1592 1842">
     <span class='ocr_line' id='line_1_23' title="bbox 181 1732 1592 1779; baseline 0.001 -11"><span class='ocrx_word' id='word_1_216' title='bbox 181 1743 237 1776; x_wconf 88' lang='grc' dir='ltr'>σις</span> <span class='ocrx_word' id='word_1_217' title='bbox 262 1734 447 1777; x_wconf 85' lang='grc' dir='ltr'>γίγνηται,</span> <span class='ocrx_word' id='word_1_218' title='bbox 475 1734 598 1777; x_wconf 85' lang='grc' dir='ltr'>ὥςπερ</span> <span class='ocrx_word' id='word_1_219' title='bbox 624 1735 645 1768; x_wconf 89' lang='grc' dir='ltr'>ὁ</span> <span class='ocrx_word' id='word_1_220' title='bbox 670 1733 775 1779; x_wconf 87' lang='grc' dir='ltr'>τῶ&lt;ν</span> <span class='ocrx_word' id='word_1_221' title='bbox 799 1732 976 1778; x_wconf 86' lang='grc' dir='ltr'>πολλῶν&gt;</span> <span class='ocrx_word' id='word_1_222' title='bbox 998 1733 1075 1776; x_wconf 87' lang='grc' dir='ltr'>βίος</span> <span class='ocrx_word' id='word_1_223' title='bbox 1093 1734 1280 1777; x_wconf 90' lang='grc' dir='ltr'>κεκύηται.</span> <span class='ocrx_word' id='word_1_224' title='bbox 1310 1734 1499 1778; x_wconf 79' lang='grc' dir='ltr'>ἀοριστεῑν</span> <span class='ocrx_word' id='word_1_225' title='bbox 1519 1735 1592 1777; x_wconf 84' lang='grc' dir='ltr'>γὰρ</span> 
     </span>
     <span class='ocr_line' id='line_1_24' title="bbox 181 1797 1588 1842; baseline 0 -10"><span class='ocrx_word' id='word_1_226' title='bbox 181 1798 350 1841; x_wconf 81' lang='grc' dir='ltr'>οὐδαμοῦ</span> <span class='ocrx_word' id='word_1_227' title='bbox 378 1799 444 1841; x_wconf 85' lang='grc' dir='ltr'>δεῖ,</span> <span class='ocrx_word' id='word_1_228' title='bbox 471 1797 549 1833; x_wconf 83' lang='grc' dir='ltr'>ἀλλ’</span> <span class='ocrx_word' id='word_1_229' title='bbox 577 1798 727 1841; x_wconf 84' lang='grc' dir='ltr'>ἔχεσθαι</span> <span class='ocrx_word' id='word_1_230' title='bbox 754 1798 845 1842; x_wconf 87' lang='grc' dir='ltr'>ὅρου</span> <span class='ocrx_word' id='word_1_231' title='bbox 873 1799 933 1832; x_wconf 81' lang='grc' dir='ltr'>καί</span> <span class='ocrx_word' id='word_1_232' title='bbox 960 1797 1098 1842; x_wconf 85' lang='grc' dir='ltr'>μέτρου</span> <span class='ocrx_word' id='word_1_233' title='bbox 1124 1800 1193 1832; x_wconf 88' lang='grc' dir='ltr'>τοῦ</span> <span class='ocrx_word' id='word_1_234' title='bbox 1221 1798 1261 1833; x_wconf 85' lang='grc' dir='ltr'>ἐν</span> <span class='ocrx_word' id='word_1_235' title='bbox 1285 1801 1365 1839; x_wconf 82' lang='grc' dir='ltr'>τοῖς</span> <span class='ocrx_word' id='word_1_236' title='bbox 1390 1799 1588 1840; x_wconf 86' lang='grc' dir='ltr'>τοιούτοις.</span> 
     </span>
    </p>
   </div>
   <div class='ocr_carea' id='block_1_4' title="bbox 86 1877 1593 2376">
    <p class='ocr_par' dir='ltr' id='par_1_9' title="bbox 86 1877 1592 2185">
     <span class='ocr_line' id='line_1_25' title="bbox 86 1877 1592 1923; baseline -0.001 -9"><span class='ocrx_word' id='word_1_237' title='bbox 86 1881 156 1915; x_wconf 88' lang='grc'>466</span> <span class='ocrx_word' id='word_1_238' title='bbox 299 1879 547 1914; x_wconf 72' lang='lat' dir='ltr'>Ponmwmvs</span> <span class='ocrx_word' id='word_1_239' title='bbox 574 1881 618 1913; x_wconf 89' lang='lat' dir='ltr'>de</span> <span class='ocrx_word' id='word_1_240' title='bbox 637 1880 766 1912; x_wconf 81' lang='lat' dir='ltr'>abstin.</span> <span class='ocrx_word' id='word_1_241' title='bbox 784 1887 798 1913; x_wconf 85' lang='lat'>1</span> <span class='ocrx_word' id='word_1_242' title='bbox 817 1879 862 1913; x_wconf 83' lang='grc'>48</span> <span class='ocrx_word' id='word_1_243' title='bbox 889 1881 968 1913; x_wconf 85' lang='grc' dir='ltr'>τῶν</span> <span class='ocrx_word' id='word_1_244' title='bbox 993 1879 1064 1922; x_wconf 86' lang='grc' dir='ltr'>γὰρ</span> <span class='ocrx_word' id='word_1_245' title='bbox 1092 1877 1354 1923; x_wconf 82' lang='grc' dir='ltr'>Ἐπικουρείων</span> <span class='ocrx_word' id='word_1_246' title='bbox 1380 1879 1415 1913; x_wconf 84' lang='grc' dir='ltr'>οἱ</span> <span class='ocrx_word' id='word_1_247' title='bbox 1439 1877 1592 1920; x_wconf 90' lang='grc' dir='ltr'>πλείους</span> 
     </span>
     <span class='ocr_line' id='line_1_26' title="bbox 124 1943 1591 1988; baseline -0.003 -7"><span class='ocrx_word' id='word_1_248' title='bbox 124 1957 157 1982; x_wconf 77' lang='lat'>‘25</span> <span class='ocrx_word' id='word_1_249' title='bbox 181 1945 244 1980; x_wconf 87' lang='grc' dir='ltr'>ἀπ’</span> <span class='ocrx_word' id='word_1_250' title='bbox 264 1946 382 1980; x_wconf 81' lang='grc' dir='ltr'>αὐτοῦ</span> <span class='ocrx_word' id='word_1_251' title='bbox 400 1947 470 1980; x_wconf 87' lang='grc' dir='ltr'>τοῦ</span> <span class='ocrx_word' id='word_1_252' title='bbox 489 1943 701 1988; x_wconf 87' lang='grc' dir='ltr'>κορυφαίου</span> <span class='ocrx_word' id='word_1_253' title='bbox 729 1943 928 1988; x_wconf 82' lang='grc' dir='ltr'>ἀρξάμενοι</span> <span class='ocrx_word' id='word_1_254' title='bbox 955 1943 1067 1987; x_wconf 83' lang='grc' dir='ltr'>μάζῃ</span> <span class='ocrx_word' id='word_1_255' title='bbox 1095 1945 1167 1977; x_wconf 79' lang='grc' dir='ltr'>καὶ</span> <span class='ocrx_word' id='word_1_256' title='bbox 1192 1945 1288 1985; x_wconf 83' lang='grc' dir='ltr'>τοῖς</span> <span class='ocrx_word' id='word_1_257' title='bbox 1315 1943 1591 1986; x_wconf 88' lang='grc' dir='ltr'>ἀκροδρύοις</span> 
     </span>
     <span class='ocr_line' id='line_1_27' title="bbox 181 1993 1591 2054; baseline -0.004 -9"><span class='ocrx_word' id='word_1_258' title='bbox 181 2010 460 2054; x_wconf 90' lang='grc' dir='ltr'>ἀρκούμενοι</span> <span class='ocrx_word' id='word_1_259' title='bbox 494 2008 694 2052; x_wconf 87' lang='grc' dir='ltr'>φαίνονται</span> <span class='ocrx_word' id='word_1_260' title='bbox 719 2009 766 2044; x_wconf 87' lang='grc' dir='ltr'>τά</span> <span class='ocrx_word' id='word_1_261' title='bbox 791 1993 832 2043; x_wconf 56' lang='grc' dir='ltr'>τε</span> <span class='ocrx_word' id='word_1_262' title='bbox 859 2008 1132 2052; x_wconf 85' lang='grc' dir='ltr'>συγγράμματα</span> <span class='ocrx_word' id='word_1_263' title='bbox 1160 2007 1418 2050; x_wconf 82' lang='grc' dir='ltr'>ἐμπεπλήκασι</span> <span class='ocrx_word' id='word_1_264' title='bbox 1446 2007 1490 2042; x_wconf 88' lang='grc' dir='ltr'>τὸ</span> <span class='ocrx_word' id='word_1_265' title='bbox 1518 2007 1591 2041; x_wconf 83' lang='grc' dir='ltr'>ὀλι-</span> 
     </span>
     <span class='ocr_line' id='line_1_28' title="bbox 180 2071 1590 2118; baseline -0.003 -9"><span class='ocrx_word' id='word_1_266' title='bbox 180 2074 310 2117; x_wconf 88' lang='grc' dir='ltr'>γοδεὲς</span> <span class='ocrx_word' id='word_1_267' title='bbox 341 2077 411 2118; x_wconf 86' lang='grc' dir='ltr'>τῆς</span> <span class='ocrx_word' id='word_1_268' title='bbox 441 2075 595 2118; x_wconf 85' lang='grc' dir='ltr'>φύσεως</span> <span class='ocrx_word' id='word_1_269' title='bbox 626 2074 887 2118; x_wconf 87' lang='grc' dir='ltr'>ἀφηγούμενοι</span> <span class='ocrx_word' id='word_1_270' title='bbox 914 2074 974 2107; x_wconf 88' lang='grc' dir='ltr'>καὶ</span> <span class='ocrx_word' id='word_1_271' title='bbox 999 2072 1043 2106; x_wconf 85' lang='grc' dir='ltr'>τὸ</span> <span class='ocrx_word' id='word_1_272' title='bbox 1071 2071 1111 2106; x_wconf 82' lang='grc' dir='ltr'>ἐκ</span> <span class='ocrx_word' id='word_1_273' title='bbox 1136 2075 1214 2106; x_wconf 87' lang='grc' dir='ltr'>τῶν</span> <span class='ocrx_word' id='word_1_274' title='bbox 1240 2074 1356 2106; x_wconf 87' lang='grc' dir='ltr'>λιτῶν</span> <span class='ocrx_word' id='word_1_275' title='bbox 1387 2073 1448 2106; x_wconf 82' lang='grc' dir='ltr'>καὶ</span> <span class='ocrx_word' id='word_1_276' title='bbox 1479 2071 1590 2106; x_wconf 86' lang='grc' dir='ltr'>εὐπο-</span> 
     </span>
     <span class='ocr_line' id='line_1_29' title="bbox 182 2137 1589 2185; baseline -0.003 -11"><span class='ocrx_word' id='word_1_277' title='bbox 182 2139 322 2185; x_wconf 85' lang='grc' dir='ltr'>ρίστων</span> <span class='ocrx_word' id='word_1_278' title='bbox 355 2140 495 2182; x_wconf 80' lang='grc' dir='ltr'>ἱκανῶς</span> <span class='ocrx_word' id='word_1_279' title='bbox 527 2140 645 2182; x_wconf 86' lang='grc' dir='ltr'>αύτῆς</span> <span class='ocrx_word' id='word_1_280' title='bbox 677 2139 722 2174; x_wconf 89' lang='grc' dir='ltr'>τὸ</span> <span class='ocrx_word' id='word_1_281' title='bbox 756 2138 963 2180; x_wconf 88' lang='grc' dir='ltr'>ἀναγκαῖον</span> <span class='ocrx_word' id='word_1_282' title='bbox 995 2137 1158 2180; x_wconf 81' lang='grc' dir='ltr'>ἰώμενον</span> <span class='ocrx_word' id='word_1_283' title='bbox 1190 2137 1441 2180; x_wconf 85' lang='grc' dir='ltr'>παριστάντες</span> <span class='ocrx_word' id='word_1_284' title='bbox 1468 2162 1589 2171; x_wconf 86' lang='grc'><strong>.....</strong></span> 
     </span>
    </p>

    <p class='ocr_par' dir='ltr' id='par_1_10' title="bbox 181 2202 1591 2249">
     <span class='ocr_line' id='line_1_30' title="bbox 181 2202 1591 2249; baseline -0.002 -11"><span class='ocrx_word' id='word_1_285' title='bbox 181 2203 227 2249; x_wconf 86' lang='lat' dir='ltr'>(c.</span> <span class='ocrx_word' id='word_1_286' title='bbox 244 2204 305 2249; x_wconf 81' lang='lat'>49)</span> <span class='ocrx_word' id='word_1_287' title='bbox 323 2205 368 2239; x_wconf 89' lang='grc' dir='ltr'>τὸ</span> <span class='ocrx_word' id='word_1_288' title='bbox 384 2205 456 2248; x_wconf 85' lang='grc' dir='ltr'>γὰρ</span> <span class='ocrx_word' id='word_1_289' title='bbox 476 2206 558 2239; x_wconf 87' lang='grc' dir='ltr'>κατ’</span> <span class='ocrx_word' id='word_1_290' title='bbox 576 2204 723 2239; x_wconf 82' lang='grc' dir='ltr'>ἔνδειαν</span> <span class='ocrx_word' id='word_1_291' title='bbox 744 2203 925 2246; x_wconf 79' lang='grc' dir='ltr'>ἐνοχλοῦν</span> <span class='ocrx_word' id='word_1_292' title='bbox 943 2203 1014 2245; x_wconf 84' lang='grc' dir='ltr'>τὴν</span> <span class='ocrx_word' id='word_1_293' title='bbox 1032 2202 1153 2245; x_wconf 88' lang='grc' dir='ltr'>σάρκα</span> <span class='ocrx_word' id='word_1_294' title='bbox 1174 2202 1369 2246; x_wconf 80' lang='grc' dir='ltr'>ἐξαιρεῖται</span> <span class='ocrx_word' id='word_1_295' title='bbox 1391 2203 1513 2243; x_wconf 86' lang='grc' dir='ltr'>καλῶς</span> <span class='ocrx_word' id='word_1_296' title='bbox 1531 2202 1591 2236; x_wconf 80' lang='grc' dir='ltr'>καὶ</span> 
     </span>
    </p>

    <p class='ocr_par' dir='ltr' id='par_1_11' title="bbox 126 2267 1593 2376">
     <span class='ocr_line' id='line_1_31' title="bbox 126 2267 1589 2314; baseline -0.003 -10"><span class='ocrx_word' id='word_1_297' title='bbox 126 2279 159 2305; x_wconf 78' lang='grc'>30</span> <span class='ocrx_word' id='word_1_298' title='bbox 183 2269 380 2314; x_wconf 85' lang='grc' dir='ltr'>αὐτάρκως</span> <span class='ocrx_word' id='word_1_299' title='bbox 397 2270 444 2304; x_wconf 90' lang='grc' dir='ltr'>τὰ</span> <span class='ocrx_word' id='word_1_300' title='bbox 462 2270 678 2313; x_wconf 81' lang='grc' dir='ltr'>εὐπόριστα,</span> <span class='ocrx_word' id='word_1_301' title='bbox 705 2269 829 2310; x_wconf 84' lang='grc' dir='ltr'>ἁπλῆν</span> <span class='ocrx_word' id='word_1_302' title='bbox 855 2268 992 2310; x_wconf 81' lang='grc' dir='ltr'>ἔχοντα</span> <span class='ocrx_word' id='word_1_303' title='bbox 1020 2268 1135 2312; x_wconf 87' lang='grc' dir='ltr'>φύσιν</span> <span class='ocrx_word' id='word_1_304' title='bbox 1162 2267 1289 2311; x_wconf 83' lang='grc' dir='ltr'>ὑγρῶν</span> <span class='ocrx_word' id='word_1_305' title='bbox 1313 2276 1355 2301; x_wconf 90' lang='grc' dir='ltr'>τε</span> <span class='ocrx_word' id='word_1_306' title='bbox 1377 2267 1436 2300; x_wconf 80' lang='grc' dir='ltr'>καὶ</span> <span class='ocrx_word' id='word_1_307' title='bbox 1455 2267 1589 2309; x_wconf 80' lang='grc' dir='ltr'>ξηρῶν,</span> 
     </span>
     <span class='ocr_line' id='line_1_32' title="bbox 182 2330 1593 2376; baseline -0.004 -8"><span class='ocrx_word' id='word_1_308' title='bbox 182 2333 439 2368; x_wconf 69' lang='lat' dir='ltr'>HIERONYMVS</span> <span class='ocrx_word' id='word_1_309' title='bbox 471 2334 549 2367; x_wconf 87' lang='lat' dir='ltr'>adu.</span> <span class='ocrx_word' id='word_1_310' title='bbox 575 2333 691 2368; x_wconf 84' lang='lat' dir='ltr'>Iouin.</span> <span class='ocrx_word' id='word_1_311' title='bbox 719 2340 747 2367; x_wconf 86' lang='lat'>11</span> <span class='ocrx_word' id='word_1_312' title='bbox 779 2334 817 2366; x_wconf 80' lang='lat'>11</span> <span class='ocrx_word' id='word_1_313' title='bbox 848 2337 870 2365; x_wconf 76' lang='lat' dir='ltr'>t.</span> <span class='ocrx_word' id='word_1_314' title='bbox 889 2340 917 2366; x_wconf 84' lang='lat'>11</span> <span class='ocrx_word' id='word_1_315' title='bbox 946 2343 980 2376; x_wconf 85' lang='lat' dir='ltr'>p.</span> <span class='ocrx_word' id='word_1_316' title='bbox 1000 2333 1086 2365; x_wconf 73' lang='lat'>340⁰</span> <span class='ocrx_word' id='word_1_317' title='bbox 1105 2331 1199 2364; x_wconf 82' lang='lat' dir='ltr'>Vall.</span> <span class='ocrx_word' id='word_1_318' title='bbox 1241 2331 1434 2374; x_wconf 82' lang='lat' dir='ltr'>‘Epicurus</span> <span class='ocrx_word' id='word_1_319' title='bbox 1467 2330 1593 2374; x_wconf 88' lang='lat' dir='ltr'>uolup—</span> 
     </span>
    </p>
   </div>
   <div class='ocr_carea' id='block_1_5' title="bbox 181 2483 1592 2824">
    <p class='ocr_par' dir='ltr' id='par_1_12' title="bbox 181 2483 1592 2824">
     <span class='ocr_line' id='line_1_33' title="bbox 304 2483 1592 2532; baseline -0.005 -12"><span class='ocrx_word' id='word_1_320' title='bbox 304 2488 319 2521; x_wconf 90' lang='lat'>1</span> <span class='ocrx_word' id='word_1_321' title='bbox 348 2486 529 2532; x_wconf 79' lang='lat' dir='ltr'>praecedit</span> <span class='ocrx_word' id='word_1_322' title='bbox 557 2487 597 2520; x_wconf 85' lang='lat' dir='ltr'>sr.</span> <span class='ocrx_word' id='word_1_323' title='bbox 617 2486 698 2520; x_wconf 82' lang='lat'><strong>463.</strong></span> <span class='ocrx_word' id='word_1_324' title='bbox 732 2486 776 2518; x_wconf 86' lang='lat' dir='ltr'>de</span> <span class='ocrx_word' id='word_1_325' title='bbox 803 2496 840 2518; x_wconf 85' lang='lat' dir='ltr'>re</span> <span class='ocrx_word' id='word_1_326' title='bbox 866 2485 910 2518; x_wconf 89' lang='lat' dir='ltr'>cs.</span> <span class='ocrx_word' id='word_1_327' title='bbox 938 2485 1070 2528; x_wconf 79' lang='lat' dir='ltr'><strong>Porph.</strong></span> <span class='ocrx_word' id='word_1_328' title='bbox 1097 2485 1120 2518; x_wconf 90' lang='lat'>1.</span> <span class='ocrx_word' id='word_1_329' title='bbox 1148 2496 1176 2517; x_wconf 85' lang='lat' dir='ltr'>s.</span> <span class='ocrx_word' id='word_1_330' title='bbox 1202 2492 1216 2518; x_wconf 87' lang='lat'>1</span> <span class='ocrx_word' id='word_1_331' title='bbox 1245 2484 1288 2519; x_wconf 77' lang='lat'>54</span> <span class='ocrx_word' id='word_1_332' title='bbox 1341 2485 1347 2528; x_wconf 80' lang='grc' dir='ltr'>Ι</span> <span class='ocrx_word' id='word_1_333' title='bbox 1401 2484 1423 2517; x_wconf 88' lang='grc'>2</span> <span class='ocrx_word' id='word_1_334' title='bbox 1449 2483 1529 2517; x_wconf 80' lang='grc' dir='ltr'>οὐδ’</span> <span class='ocrx_word' id='word_1_335' title='bbox 1557 2487 1592 2515; x_wconf 79' lang='lat' dir='ltr'>et</span> 
     </span>
     <span class='ocr_line' id='line_1_34' title="bbox 184 2541 1591 2590; baseline -0.004 -10"><span class='ocrx_word' id='word_1_336' title='bbox 184 2545 264 2580; x_wconf 82' lang='grc' dir='ltr'>οὐδ’</span> <span class='ocrx_word' id='word_1_337' title='bbox 292 2544 312 2579; x_wconf 91' lang='grc' dir='ltr'>ὃ</span> <span class='ocrx_word' id='word_1_338' title='bbox 339 2546 423 2578; x_wconf 79' lang='lat' dir='ltr'><strong>libri</strong></span> <span class='ocrx_word' id='word_1_339' title='bbox 479 2545 486 2589; x_wconf 81' lang='grc' dir='ltr'>Ι</span> <span class='ocrx_word' id='word_1_340' title='bbox 548 2547 568 2579; x_wconf 83' lang='lat'><strong>3</strong></span> <span class='ocrx_word' id='word_1_341' title='bbox 594 2543 748 2590; x_wconf 86' lang='grc' dir='ltr'>ἠνύετο]</span> <span class='ocrx_word' id='word_1_342' title='bbox 777 2545 855 2577; x_wconf 79' lang='lat' dir='ltr'><strong>fort.</strong></span> <span class='ocrx_word' id='word_1_343' title='bbox 884 2543 1046 2587; x_wconf 85' lang='grc' dir='ltr'>ἀνήγετο</span> <span class='ocrx_word' id='word_1_344' title='bbox 1078 2544 1122 2577; x_wconf 84' lang='lat' dir='ltr'>cs.</span> <span class='ocrx_word' id='word_1_345' title='bbox 1150 2544 1190 2576; x_wconf 83' lang='lat' dir='ltr'>fr.</span> <span class='ocrx_word' id='word_1_346' title='bbox 1209 2544 1279 2577; x_wconf 76' lang='lat'>456</span> <span class='ocrx_word' id='word_1_347' title='bbox 1304 2555 1337 2587; x_wconf 80' lang='lat' dir='ltr'>p.</span> <span class='ocrx_word' id='word_1_348' title='bbox 1353 2543 1435 2580; x_wconf 83' lang='lat'><strong>296,</strong></span> <span class='ocrx_word' id='word_1_349' title='bbox 1452 2541 1474 2575; x_wconf 88' lang='grc'>8</span> <span class='ocrx_word' id='word_1_350' title='bbox 1509 2541 1515 2584; x_wconf 83' lang='grc' dir='ltr'>Ι</span> <span class='ocrx_word' id='word_1_351' title='bbox 1550 2541 1591 2576; x_wconf 84' lang='grc' dir='ltr'>δὲ</span> 
     </span>
     <span class='ocr_line' id='line_1_35' title="bbox 183 2600 1592 2648; baseline -0.004 -11"><span class='ocrx_word' id='word_1_352' title='bbox 183 2603 305 2646; x_wconf 85' lang='grc' dir='ltr'>βιαίαν</span> <span class='ocrx_word' id='word_1_353' title='bbox 332 2604 438 2648; x_wconf 88' lang='grc' dir='ltr'>χάριν</span> <span class='ocrx_word' id='word_1_354' title='bbox 465 2605 539 2647; x_wconf 83' lang='grc' dir='ltr'>εἶχε</span> <span class='ocrx_word' id='word_1_355' title='bbox 565 2604 650 2637; x_wconf 79' lang='lat' dir='ltr'>libri</span> <span class='ocrx_word' id='word_1_356' title='bbox 689 2603 705 2647; x_wconf 71' lang='lat'>11</span> <span class='ocrx_word' id='word_1_357' title='bbox 747 2603 788 2635; x_wconf 86' lang='lat'>21</span> <span class='ocrx_word' id='word_1_358' title='bbox 819 2603 913 2646; x_wconf 76' lang='grc' dir='ltr'>μηδὲ</span> <span class='ocrx_word' id='word_1_359' title='bbox 940 2602 1000 2637; x_wconf 83' lang='grc' dir='ltr'>διὰ</span> <span class='ocrx_word' id='word_1_360' title='bbox 1026 2603 1109 2635; x_wconf 79' lang='lat' dir='ltr'>libri</span> <span class='ocrx_word' id='word_1_361' title='bbox 1156 2602 1162 2644; x_wconf 73' lang='grc' dir='ltr'>Ι</span> <span class='ocrx_word' id='word_1_362' title='bbox 1208 2602 1251 2635; x_wconf 85' lang='grc'>21</span> <span class='ocrx_word' id='word_1_363' title='bbox 1273 2613 1325 2645; x_wconf 87' lang='lat' dir='ltr'>sq.</span> <span class='ocrx_word' id='word_1_364' title='bbox 1353 2603 1524 2634; x_wconf 77' lang='lat' dir='ltr'>fenestras</span> <span class='ocrx_word' id='word_1_365' title='bbox 1550 2600 1592 2631; x_wconf 85' lang='lat' dir='ltr'>li-</span> 
     </span>
     <span class='ocr_line' id='line_1_36' title="bbox 181 2658 1592 2706; baseline -0.001 -12"><span class='ocrx_word' id='word_1_366' title='bbox 181 2663 327 2695; x_wconf 82' lang='lat' dir='ltr'>brorum</span> <span class='ocrx_word' id='word_1_367' title='bbox 354 2663 497 2706; x_wconf 81' lang='lat' dir='ltr'>expleui</span> <span class='ocrx_word' id='word_1_368' title='bbox 543 2663 548 2705; x_wconf 91' lang='grc' dir='ltr'>Ι</span> <span class='ocrx_word' id='word_1_369' title='bbox 597 2662 641 2695; x_wconf 83' lang='grc'>22</span> <span class='ocrx_word' id='word_1_370' title='bbox 665 2661 833 2704; x_wconf 82' lang='grc' dir='ltr'>γίγνεται</span> <span class='ocrx_word' id='word_1_371' title='bbox 858 2661 941 2694; x_wconf 82' lang='lat' dir='ltr'>libri</span> <span class='ocrx_word' id='word_1_372' title='bbox 962 2661 968 2704; x_wconf 64' lang='grc' dir='ltr'>Ι</span> <span class='ocrx_word' id='word_1_373' title='bbox 991 2671 1034 2694; x_wconf 78' lang='lat' dir='ltr'>an</span> <span class='ocrx_word' id='word_1_374' title='bbox 1060 2661 1081 2695; x_wconf 84' lang='grc' dir='ltr'>ὅ</span> <span class='ocrx_word' id='word_1_375' title='bbox 1107 2661 1198 2704; x_wconf 70' lang='lat' dir='ltr'>nep?</span> <span class='ocrx_word' id='word_1_376' title='bbox 1239 2658 1256 2705; x_wconf 76' lang='grc' dir='ltr'>Η</span> <span class='ocrx_word' id='word_1_377' title='bbox 1297 2661 1342 2693; x_wconf 78' lang='grc'>25</span> <span class='ocrx_word' id='word_1_378' title='bbox 1367 2658 1592 2703; x_wconf 85' lang='grc' dir='ltr'>ἀκροδρύοις</span> 
     </span>
     <span class='ocr_line' id='line_1_37' title="bbox 184 2712 1590 2766; baseline -0.002 -12"><span class='ocrx_word' id='word_1_379' title='bbox 184 2721 228 2755; x_wconf 82' lang='lat' dir='ltr'>cf.</span> <span class='ocrx_word' id='word_1_380' title='bbox 255 2722 297 2755; x_wconf 87' lang='lat' dir='ltr'>fr.</span> <span class='ocrx_word' id='word_1_381' title='bbox 318 2720 402 2755; x_wconf 80' lang='lat'>182·</span> <span class='ocrx_word' id='word_1_382' title='bbox 428 2721 462 2753; x_wconf 87' lang='lat' dir='ltr'>in</span> <span class='ocrx_word' id='word_1_383' title='bbox 491 2721 680 2765; x_wconf 80' lang='lat' dir='ltr'>spicilegio</span> <span class='ocrx_word' id='word_1_384' title='bbox 735 2724 744 2763; x_wconf 46' lang='grc' dir='ltr'>ἦ</span> <span class='ocrx_word' id='word_1_385' title='bbox 802 2719 848 2753; x_wconf 86' lang='grc'>29</span> <span class='ocrx_word' id='word_1_386' title='bbox 874 2720 1061 2752; x_wconf 79' lang='lat' dir='ltr'><strong>intercedit</strong></span> <span class='ocrx_word' id='word_1_387' title='bbox 1089 2720 1153 2766; x_wconf 86' lang='lat' dir='ltr'>Ep.</span> <span class='ocrx_word' id='word_1_388' title='bbox 1181 2723 1270 2754; x_wconf 80' lang='lat' dir='ltr'>sent.</span> <span class='ocrx_word' id='word_1_389' title='bbox 1300 2712 1353 2752; x_wconf 51' lang='lat' dir='ltr'>xv¹</span> <span class='ocrx_word' id='word_1_390' title='bbox 1404 2719 1410 2762; x_wconf 77' lang='grc' dir='ltr'>Ι</span> <span class='ocrx_word' id='word_1_391' title='bbox 1465 2717 1512 2750; x_wconf 77' lang='grc'>30</span> <span class='ocrx_word' id='word_1_392' title='bbox 1539 2727 1590 2751; x_wconf 82' lang='lat' dir='ltr'>se-</span> 
     </span>
     <span class='ocr_line' id='line_1_38' title="bbox 184 2779 655 2824; baseline 0.002 -11"><span class='ocrx_word' id='word_1_393' title='bbox 184 2781 303 2824; x_wconf 83' lang='lat' dir='ltr'><strong>quitur</strong></span> <span class='ocrx_word' id='word_1_394' title='bbox 327 2780 368 2813; x_wconf 80' lang='lat' dir='ltr'>fr.</span> <span class='ocrx_word' id='word_1_395' title='bbox 389 2780 459 2815; x_wconf 81' lang='lat'>456</span> <span class='ocrx_word' id='word_1_396' title='bbox 484 2791 518 2824; x_wconf 87' lang='lat' dir='ltr'>p.</span> <span class='ocrx_word' id='word_1_397' title='bbox 539 2779 620 2818; x_wconf 84' lang='lat'><strong>296,</strong></span> <span class='ocrx_word' id='word_1_398' title='bbox 635 2780 655 2814; x_wconf 81' lang='lat'><strong>3</strong></span> 
     </span>
    </p>
   </div>
  </div>
 </body>
</html>
