1842 3250
149 2080 219 2114 28ss

150 2351 219 2387 294

251 212 322 247 352
797 210 1116 245 SPICILEGIVM

249 325 392 369 γίνεται
418 325 464 361 τά
491 335 532 359 τε
559 325 652 358 ἄλλα
679 322 914 366 συγκρίματα
941 324 1001 358 καὶ
1027 324 1071 358 τὸ
1097 326 1218 367 σῶμα,
1246 324 1372 369 χρόνῳ
1399 324 1440 359 δὲ
1466 324 1658 368 διαλυόμε-

250 401 318 425 νον
345 390 534 425 διαλύεται
556 389 667 423 πάλιν
697 388 749 430 εἰς
774 389 841 430 τὰς
869 389 1046 431 ἀτόμους,
1073 389 1109 423 ἐξ
1136 389 1191 423 ὧν
1218 390 1278 423 καὶ
1304 389 1466 430 ἐγένετο.
1509 390 1660 424 τούτων

251 457 448 497 μενουσῶν
474 453 683 497 ἀφθάρτων
708 453 822 487 οὐδὲν
847 452 1036 487 ἀδύνατόν
1060 452 1140 487 ἐστι
1168 454 1437 489 συνελθουσῶν
1461 454 1573 490 πάλιν
1599 457 1659 490 καὶ

249 519 320 561 τὴν
339 518 460 560 αὐτὴν
484 517 588 551 τάἒιν
611 517 671 551 καὶ
696 516 800 551 θέσιν
826 518 1027 558 λαβουσῶν
1053 517 1209 559 ποιῆσαι
1235 516 1256 551 ὃ
1282 518 1469 562 πρότερον
1495 519 1662 562 ἐγεγόνει

250 583 287 618 ἐξ
314 583 445 617 αὐτῶν
470 584 581 624 σῶμα
606 582 665 615 καὶ
688 581 838 622 ὅμοιον·
868 581 993 624 ὥςπερ
1019 580 1052 615 εί
1076 591 1131 623 τις
1157 582 1382 624 ψηφοθέτης
1411 583 1454 617 ἐκ
1478 582 1660 626 ψηφίδων

248 647 398 690 ποιήσει
422 646 523 689 ζῴου
549 645 715 688 μορφήν,
748 645 877 678 ἔπειτα
902 644 1054 679 τούτων
1079 644 1154 678 ὑπὸ
1189 645 1328 688 χρόνου
1356 646 1612 682 διαλυθέντων
1636 648 1660 690 ἢ

249 711 311 744 ὑπ’
339 711 458 744 αὐτοῦ
483 712 553 744 τοῦ
581 709 812 752 ποιήσαντος
828 709 895 751 τὰς
921 709 1037 750 αὐτὰς
1064 709 1163 752 ἔχων
1180 708 1346 754 ψήφους,
1365 710 1662 755 έσκορπισμένας

249 775 489 817 συναγαγών,
525 774 595 808 οὐκ
629 772 859 816 ἀδυνατήσει
891 774 1069 815 συλλέξας
1099 773 1218 816 αὐτὰς
1250 774 1311 809 καὶ
1348 775 1486 818 διαθεὶς
1522 775 1663 819 ὁμοίως

248 842 402 882 ποιῆσαι
429 839 474 873 τὸ
500 839 596 874 αὐτὸ
622 839 722 879 εἶδος
747 841 817 873 τοῦ
843 838 956 884 ζῴου.

250 904 459 939 ΒῐοΝἳεινε
485 905 593 948 episc.
620 904 770 936 Eusebii
796 915 916 948 praep.
945 915 998 937 eu.
1025 913 1092 938 xlv
1111 902 1168 948 25,
1187 904 1210 938 9
1236 916 1270 948 p.
1286 903 1373 938 775⁸
1397 903 1482 940 τίνα
1510 905 1552 940 δὲ
1577 906 1662 949 τρό-

248 980 332 1013 πον,
371 972 456 1011 μιᾱς
493 969 611 1012 οὔσης
650 969 710 1003 καὶ
742 970 810 1012 τῆς
845 969 964 1010 αὐτῆς
995 968 1157 1003 ἁπασῶν
1192 967 1322 1010 οὐσίας
1354 970 1415 1004 καί
1447 971 1518 1013 τῆς
1543 969 1663 1013 αὐτῆς

248 1034 448 1077 ἀφθάρτου
474 1033 629 1077 φύσεως
654 1033 753 1075 πλήν
782 1036 863 1068 τῶν
888 1035 1070 1076 μεγεθῶν,
1104 1033 1157 1075 ὥς
1185 1042 1290 1076 φασι,
1317 1034 1377 1067 καί
1410 1036 1490 1068 τῶν
1519 1035 1661 1078 σχημά-

248 1109 338 1136 των,
365 1098 413 1132 τὰ
439 1099 507 1140 μέν
536 1099 615 1133 ἐστι
642 1100 724 1132 θεῖα
751 1099 811 1133 καί
838 1098 1011 1142 ἀκήρατα
1035 1099 1097 1133 καὶ
1121 1097 1268 1141 αἰώνια,
1296 1098 1349 1139 ὡς
1372 1098 1481 1133 αὐτοὶ
1499 1099 1661 1143 φήσαιεν

249 1164 305 1206 ἄν,
332 1164 502 1205 σώματα,
524 1164 547 1205 ἢ
568 1161 788 1206 μακραίιυνά
814 1173 857 1204 γε
885 1162 981 1197 κατὰ
1006 1163 1073 1196 τὸν
1100 1162 1225 1204 οὕτως
1250 1162 1505 1207 ὀνομάσαντα,
1533 1164 1663 1208 φαινό·

248 1227 340 1269 μενά
366 1239 408 1262 τε
435 1230 494 1262 καὶ
521 1227 662 1271 ἀφανῆ,
699 1227 911 1271 φαινόμενα
939 1228 1006 1269 μὲν
1031 1228 1137 1269 ἥλιος
1163 1228 1222 1261 καί
1249 1227 1389 1270 σελήνη
1418 1228 1478 1261 καὶ
1503 1228 1659 1272 ἀστέρες

249 1295 298 1334 γῆ
324 1303 365 1326 τε
389 1293 447 1326 καὶ
468 1293 581 1336 ὕδωρ,
608 1293 739 1335 ἀφανῆ
767 1291 807 1325 δὲ
832 1291 912 1326 θεοί
939 1302 979 1326 τε
1006 1292 1067 1326 καὶ
1096 1290 1268 1333 δαίμονες
1294 1293 1354 1325 καί
1380 1291 1514 1334 ψυχαί;
1540 1295 1660 1327 ταῦτα

248 1358 320 1401 γὰρ
352 1357 441 1391 οὐδὲ
473 1357 648 1398 θέλοντες
680 1357 861 1400 ὑπάρχειν
889 1356 1125 1400 ἀρνήσασθαι
1151 1356 1341 1390 δύνανται.
1385 1355 1433 1390 τὰ
1459 1356 1500 1390 δὲ
1528 1367 1662 1400 μακρο-

249 1423 415 1463 βιώτατα
441 1420 519 1465 ζῷά
544 1431 586 1456 τε
613 1422 673 1455 καὶ
699 1421 817 1463 φυτά;
839 1447 941 1455 .....
956 1420 1003 1455 τὰ
1029 1420 1070 1454 δὲ
1099 1422 1260 1455 πλεῖστα
1283 1422 1362 1454 τῶν
1387 1430 1429 1455 τε
1457 1420 1662 1464 φυομένων

248 1486 307 1520 καὶ
340 1489 420 1520 τῶν
450 1485 702 1527 γεννωμένων
736 1485 838 1519 ἐστίν
865 1485 1043 1528 ὠκύμορα
1070 1485 1130 1518 καὶ
1157 1486 1379 1527 βραχυτελή,
1413 1484 1469 1518 ὧν
1494 1484 1574 1519 ἑστι
1600 1484 1661 1519 καί

248 1551 269 1584 ὁ
296 1551 497 1593 ἄνθρωπος
512 1577 519 1584 .
536 1577 543 1584 .
561 1577 567 1585 .
584 1577 591 1584 .
608 1549 701 1584 ἀλλὰ
720 1550 809 1591 τοὺς
837 1550 1073 1592 συνδέσμους
1092 1549 1262 1593 φήσουσι
1280 1552 1361 1584 τῶν
1386 1547 1540 1591 ἀτόμων
1564 1549 1663 1584 διαλ-

248 1615 456 1656 λάττοντας
491 1614 632 1655 αἰτίους
663 1614 831 1655 γίνεσθαι
863 1617 932 1657 τῆς
961 1615 1045 1658 περὶ
1077 1615 1149 1657 τὴν
1175 1614 1359 1657 διαμονὴν
1386 1614 1588 1657 διαφορᾶς
1613 1613 1661 1647 τὰ

248 1680 315 1722 μέν
341 1678 413 1722 γὰρ
440 1679 503 1714 ὑπ’
526 1680 654 1713 αὐτῶν
672 1680 944 1713 πεπυκνῶσθαι
963 1679 1023 1713 καὶ
1043 1677 1327 1721 κατεσφίγχθαι,
1349 1676 1436 1720 ῶςτ’
1455 1678 1552 1712 αὐτὰ
1570 1687 1661 1712 παν·

245 1746 364 1785 τελῶς
399 1743 695 1778 δυσαπάλλακτα
726 1743 922 1785 γεγονέναι
954 1742 1157 1786 πιλήματα,
1196 1742 1244 1777 τὰ
1275 1743 1316 1777 δέ
1351 1742 1562 1786 μανοτέραν
1601 1742 1661 1776 καὶ

247 1810 424 1851 χαλῶσαν
450 1809 522 1851 τὴν
557 1808 767 1852 συνάφειαν
796 1810 875 1843 τῶν
905 1808 1061 1850 ἀτόμων
1085 1808 1144 1843 ἐπ’
1173 1808 1332 1842 ἔλαττον
1359 1807 1382 1850 ἢ
1410 1807 1527 1842 πλέον
1552 1807 1660 1850 ἐσχη-

247 1871 360 1915 κέναι,
397 1873 448 1914 ὡς
481 1873 503 1913 ἢ
537 1875 677 1907 θᾶττον
704 1873 727 1915 ἢ
755 1873 804 1915 μή
833 1872 927 1915 μετὰ
953 1874 1050 1907 πολὺ
1076 1875 1146 1915 τῆς
1171 1871 1385 1915 κολλήσεως
1418 1872 1546 1906 αὐτῶν
1573 1870 1657 1915 ἀφί-

245 1938 418 1980 στασθαι,
446 1938 506 1971 καί
533 1937 579 1972 τὰ
606 1938 673 1980 μὲν
701 1937 742 1972 ὲκ
760 1938 921 1972 τοιῶνδε
948 1938 1009 1971 καὶ
1034 1937 1110 1971 ὧδέ
1131 1947 1215 1978 πως
1241 1934 1587 1979 έσχηματισμὲνων,
1612 1935 1660 1971 τὰ

248 2001 288 2036 δὲ
314 2002 351 2037 ἐξ
377 2001 556 2045 &epotum
582 2000 760 2045 ἑτεροίως
785 2001 1031 2043 διακειμένων
1058 2003 1321 2044 συμμεμῖχθαι.

245 2088 279 2119 p.
299 2077 381 2121 203,
402 2076 447 2111 22
473 2078 574 2111 add.:
603 2078 647 2111 cf.
664 2077 876 2110 Plutarchus
896 2078 940 2109 de
960 2078 1047 2110 facie
1065 2078 1100 2109 in
1127 2078 1211 2110 orbe
1235 2077 1340 2109 lunae
1359 2076 1381 2109 4
1399 2088 1434 2120 p.
1454 2075 1544 2111 9:21⁶
1568 2077 1659 2119 πλη-

249 2141 318 2184 γάς
340 2152 445 2183 τινας
472 2143 531 2176 καὶ
553 2142 826 2186 ἀποπηδήσεις,
853 2141 936 2184 οἵας
960 2143 1122 2176 ἔπλαττε
1149 2145 1229 2176 τῶν
1254 2142 1409 2183 ἀτόμων
1425 2138 1658 2184 Ἐπίκουρος.

251 2218 282 2250 p.
302 2206 385 2248 2023,
403 2207 448 2241 22»
475 2208 577 2241 add.:
604 2210 648 2242 cs.
676 2208 869 2251 Dionysius
897 2208 1005 2251 episc.
1034 2207 1183 2240 Eusebii
1208 2217 1326 2250 praep.
1352 2217 1408 2241 eu.
1435 2216 1501 2240 xlv
1529 2204 1585 2245 25,
1616 2205 1661 2239 12
1686 2215 1702 2239 3

252 2271 356 2311 -ἓίὶ,
386 2272 428 2305 13
455 2284 488 2316 p.
509 2271 745 2306 TT?)⁴¹--780‘¹.

246 2351 397 2387 SEXTVS
423 2361 513 2387 EMP.
540 2353 619 2387 adu.
637 2353 801 2388 mathem.
822 2363 848 2387 x
875 2352 1010 2396 (dogm.
1032 2352 1088 2397 xv)
1109 2353 1175 2386 181
1203 2353 1307 2387 δοκεῖ
1337 2352 1377 2387 δὲ
1406 2353 1466 2387 καί
1493 2352 1544 2395 εἰς
1570 2352 1661 2394 τοὺς

374 2497 387 2529 1
421 2496 460 2529 δὲ
486 2498 520 2528 Λ
553 2496 712 2539 (coislin.
741 2495 842 2539 271321:
868 2496 936 2537 μὲν
960 2497 989 2528 Β
1017 2495 1339 2540 (Claramontanus)
1363 2493 1368 2538 1
1390 2496 1412 2528 3
1440 2496 1507 2538 μὲν
1533 2496 1661 2529 οὐσῶν

248 2556 283 2588 Α
313 2554 319 2596 1
347 2554 366 2587 4
395 2554 499 2588 Οέσιν
525 2555 585 2588 καὶ
613 2554 715 2588 τάξιν
743 2555 772 2585 B
807 2554 813 2597 Ι
848 2555 1026 2596 λαβόντες
1048 2557 1082 2586 A
1111 2552 1117 2599 l
1147 2553 1260 2597 smqq.
1287 2556 1332 2587 cf.
1360 2555 1459 2596 Epic.
1492 2565 1546 2593 ev.
1573 2565 1585 2587 1
1615 2554 1661 2588 55

247 2624 282 2656 p.
303 2613 358 2649 Ῑῖι,
377 2613 411 2646 4.
456 2615 500 2645 ‹le
519 2614 748 2645 similitudine
777 2614 845 2645 uid.
873 2613 990 2655 {Alex
1008 2613 1137 2656 Aphn‘.}
1163 2613 1199 2645 in
1219 2615 1282 2647 Ar.
1301 2619 1383 2647 mot.
1403 2625 1435 2656 μ.
1451 2611 1521 2647 805
1548 2614 1593 2646 Γὶῖἷ
1609 2625 1659 2656 sq.

248 2673 337 2705 Bon.
361 2673 367 2715 1
390 2672 572 2715 ψηφίδων
591 2676 641 2706 A:
669 2673 816 2715 ψήφων
841 2673 900 2715 (Β)
926 2673 1034 2714 uolgo
1056 2671 1062 2714 Ι
1084 2674 1106 2703 ti
1125 2673 1201 2706 ἀπὸ
1221 2673 1331 2704 fertur
1352 2673 1360 2715 Ι
1381 2674 1403 2702 S
1427 2671 1605 2713 συνάγων
1626 2676 1661 2706 Λ

249 2732 444 2775 συναγάγῃ
466 2732 526 2776 (P.)
546 2733 655 2771 uolgo
675 2733 690 2775 ΙΙ
710 2732 755 2765 22.)
772 2731 874 2776 ώςτ’]
894 2732 1015 2773 λέγειν
1033 2732 1125 2766 ὥστ’
1144 2733 1228 2764 libri
1251 2734 1255 2774 Ι
1280 2731 1322 2765 ’.ἲῖ
1351 2733 1387 2767 ἐξ
1414 2732 1554 2774 ἑτέρων
1579 2732 1658 2764 libri

1690 913 1723 939 10

1691 1235 1722 1259 15

1688 1559 1724 1585 20

1684 1880 1719 1905 25
