1842 3250
95 1157 118 1174 C.

139 1149 171 1174 14

199 260 270 293 268
697 260 901 293 EPICVRI
928 260 1114 292 ETHICA
1472 262 1513 295 fr.
1541 262 1610 296 397

199 385 263 407 nec
281 380 415 407 tantum
442 375 477 406 in
504 375 595 407 alios
623 386 728 407 caeco
755 376 889 419 impetu
914 377 1107 414 incurrunt,
1134 377 1197 408 sed
1225 377 1318 409 intus
1346 378 1450 409 etiam
1478 377 1514 409 in
1540 377 1611 409 ani·

201 441 266 471 mis
294 440 451 471 inclusae
478 440 569 471 inter
596 450 634 472 se
662 440 838 472 dissident
865 444 969 483 atque
997 441 1215 478 discordant,
1244 451 1285 472 ex
1304 452 1375 483 quo
1394 442 1501 473 uitam
1521 452 1610 472 ama—

199 504 371 535 rissimam
399 514 545 535 necesse
564 508 617 535 est
636 503 740 541 effici,
768 509 804 535 ut
823 505 964 546 sapiens
991 505 1106 536 solum
1132 509 1309 547 amputata
1335 505 1612 547 circumcisaque

199 567 369 599 inanitate
399 567 493 599 omni
521 573 555 599 et
583 578 712 606 errore,
740 575 885 600 naturae
912 568 1043 600 finibus
1071 573 1258 600 contentus
1287 569 1363 600 sine
1391 569 1612 610 aegritudine
1637 574 1653 598 4

199 633 314 674 possit
341 637 373 663 et
401 632 476 663 sine
503 636 596 664 metu
625 633 756 664 uiuere.
797 633 897 674 Quae
925 637 977 664 est
1004 633 1096 664 enirn
1124 639 1182 665 aut
1208 633 1332 665 utilior
1361 638 1419 665 aut
1448 634 1493 666 ad
1519 634 1613 665 bene
1636 641 1699 672 (45)

199 696 391 728 uiuendum
418 696 534 739 aptior
551 697 695 738 partitio
716 707 820 739 quam
846 696 909 728 illa
929 707 997 738 qua
1023 702 1076 728 est
1101 707 1185 728 usus
1204 697 1400 739 Epicurus?
1427 698 1488 740 qui
1506 709 1612 730 unum

199 770 310 801 genus
336 761 457 802 posuit
483 770 601 792 earum
628 761 872 803 cupiditatum,
900 771 990 802 quae
1018 766 1137 792 essent
1163 766 1196 792 et
1223 761 1400 793 naturales
1428 769 1463 793 et
1491 772 1612 794 neces-

200 824 331 862 sariae;
372 825 531 862 alterum,
560 835 649 867 quae
678 825 855 857 naturales
886 830 1005 857 essent
1031 835 1095 856 nec
1122 831 1239 857 tamen
1265 825 1505 864 necessariae3
1549 832 1613 858 ter·

199 889 297 927 tium,
333 899 423 931 quae
451 899 515 920 nec
543 889 722 921 naturales
749 899 814 921 nec
840 890 1073 922 necessariae.
1125 900 1271 932 quarum
1298 901 1338 922 ea
1366 890 1456 922 ratio
1484 895 1550 929 est,
1575 895 1613 921 ut

199 953 421 985 necessariae
455 963 518 984 nec
553 963 661 996 opera
693 954 805 985 multa
840 964 904 985 nec
931 954 1081 996 inpensa
1108 954 1315 997 expleantur
1344 968 1359 984 ψ
1392 968 1408 985 2*
1427 980 1434 987 .
1486 965 1529 986 ne
1556 965 1613 986 na·
1639 965 1670 989 ιο

198 1018 332 1049 turales
359 1018 504 1060 quidem
538 1017 650 1049 multa
678 1018 882 1049 desiderant
910 1023 1100 1060 propterea
1130 1019 1226 1060 quod
1261 1018 1338 1061 ipsa
1373 1024 1497 1050 natura
1525 1019 1614 1052 diui-

199 1083 264 1114 tias
292 1083 422 1124 quibus
457 1087 625 1114 contenta
651 1082 694 1114 sit
723 1088 757 1114 et
782 1083 961 1125 parabiles
997 1089 1031 1114 et
1064 1083 1266 1115 terminatas
1299 1083 1419 1121 habet,
1457 1084 1614 1116 inanium

199 1152 316 1179 autem
339 1146 572 1190 cupiditatum
591 1157 656 1178 nec
674 1147 802 1179 modus
826 1147 922 1178 ullus
950 1158 1014 1179 nec
1039 1147 1118 1178 finis
1142 1147 1295 1179 inueniri
1314 1153 1442 1190 potest.
1467 1148 1565 1190 quod
1584 1148 1615 1179 si
1638 1155 1698 1187 (46)

200 1212 306 1243 uitam
334 1221 473 1243 omnem
498 1211 697 1254 perturbari
724 1212 887 1243 uidemus
915 1222 1030 1243 errore
1059 1217 1094 1243 et
1119 1212 1307 1244 inscientia
1334 1213 1613 1254 sapientiamque

201 1286 280 1307 esse
310 1276 434 1312 solam,
473 1285 563 1317 quae
596 1286 661 1307 nos
689 1286 709 1306 a
734 1275 924 1307 libidinum
954 1276 1088 1318 impetu
1117 1282 1151 1308 et
1176 1287 1197 1308 a
1224 1276 1449 1308 formidinum
1479 1281 1613 1307 terrore
1638 1280 1671 1306 15

201 1340 359 1372 uindicet
395 1346 429 1371 et
462 1340 575 1382 ipsius
610 1340 773 1372 fortunae
806 1340 946 1372 modice
981 1341 1073 1372 ferre
1106 1340 1234 1372 doceat
1265 1341 1414 1373 iniurias
1441 1346 1475 1373 et
1501 1342 1614 1373 omnis

202 1410 374 1436 monstret
407 1405 484 1436 uias
520 1415 610 1447 quae
640 1405 682 1436 ad
715 1405 868 1447 quietem
901 1411 936 1437 et
961 1405 1256 1448 tranquillitatem
1286 1406 1410 1443 serant,
1448 1406 1536 1448 quid
1562 1411 1616 1438 est

203 1479 264 1500 cur
290 1469 494 1501 dubitemus
529 1469 647 1500 dicere
676 1474 710 1500 et
737 1469 945 1512 sapientiam
979 1475 1123 1512 propter
1150 1470 1353 1512 uoluptates
1381 1470 1615 1513 expetendam

205 1538 238 1564 et
266 1533 505 1576 insipientiam
532 1540 677 1576 propter
704 1534 888 1565 molestias
917 1544 996 1565 esse
1024 1534 1255 1574 fugiendam?

251 1599 447 1641 eademque
474 1598 610 1629 ratione
638 1608 681 1629 ne
709 1599 975 1640 temperantiam
1000 1598 1143 1641 quidem
1163 1604 1307 1641 propter
1325 1609 1362 1630 se
1383 1601 1614 1642 expetendam
1639 1604 1702 1636 (47)

202 1676 280 1696 esse
301 1665 472 1703 dicemus,
501 1665 563 1696 sed
592 1666 674 1707 quia
699 1676 819 1707 pacem
846 1666 969 1697 animis
997 1665 1117 1698 afferat
1144 1670 1178 1698 et
1206 1677 1268 1698 eos
1296 1666 1398 1709 quasi
1424 1665 1616 1697 concordia

201 1730 352 1772 quadam
379 1730 498 1772 placet
528 1740 565 1761 ac
595 1729 715 1762 leniat.
767 1731 1002 1772 temperantia
1035 1735 1087 1762 est
1115 1731 1208 1763 enirn
1235 1742 1325 1774 quae
1352 1731 1389 1762 in
1416 1731 1522 1762 rebus
1556 1734 1614 1762 aut

202 1795 411 1837 expetendis
445 1800 503 1826 aut
537 1795 715 1835 fugiendis
747 1800 784 1826 ut
818 1795 989 1827 rationem
1026 1806 1213 1838 sequamur
1247 1800 1377 1827 monet.
1428 1804 1493 1826 nec
1521 1794 1614 1825 enim

202 1859 286 1891 satis
322 1866 374 1890 est
406 1859 564 1891 iudicare
597 1859 682 1901 quid
717 1860 918 1891 faciendum
952 1870 1023 1892 non
1052 1860 1301 1892 faciendumne
1334 1860 1390 1898 sit,
1431 1859 1494 1891 sed
1521 1864 1613 1890 stare

203 1923 306 1955 etiam
340 1929 482 1966 oportet
511 1924 547 1955 in
575 1935 618 1955 eo
646 1926 743 1967 quod
774 1925 818 1957 sit
845 1925 1048 1957 iudicatum.
1099 1925 1262 1968 plerique
1294 1929 1410 1956 autem
1444 1923 1541 1966 quod
1566 1927 1616 1955 te·
1637 1932 1672 1958 25

202 1998 285 2019 nere
319 1993 423 2030 atque
458 1998 599 2020 seruare
635 1989 672 2020 id
701 1990 796 2032 quod
833 1990 902 2033 ipsi
935 1994 1132 2021 statuerunt
1165 1999 1237 2021 non
1270 1993 1432 2031 possunt,
1469 1988 1554 2020 uicti
1582 1993 1616 2019 et

204 2052 380 2084 debilitati
413 2053 557 2085 obiecta
590 2054 711 2097 specie
745 2054 942 2097 uoluptatis
970 2054 1110 2086 tradunt
1138 2064 1176 2086 se
1203 2053 1417 2085 libidinibus
1445 2052 1616 2084 constrin-

203 2117 341 2157 gendos
367 2127 430 2149 nec
450 2117 535 2159 quid
561 2124 768 2150 euenturum
797 2119 841 2150 sit
866 2118 1057 2161 prouident
1076 2118 1122 2149 ob
1143 2127 1289 2159 eamque
1315 2127 1454 2149 causam
1473 2123 1617 2159 propter

204 2181 423 2223 uoluptatem
455 2188 489 2212 et
514 2192 658 2224 paruam
694 2188 727 2214 et
754 2193 826 2215 non
858 2183 1094 2215 necessariam
1129 2187 1162 2214 et
1189 2192 1278 2224 quae
1306 2181 1365 2213 uel
1391 2181 1495 2213 aliter
1521 2191 1617 2223 para-

204 2252 299 2277 retur
325 2251 358 2277 et
385 2257 454 2289 qua
481 2247 586 2278 etiam
613 2255 731 2276 carere
761 2251 908 2287 possent
935 2245 1011 2276 sine
1042 2245 1181 2282 dolore,
1210 2249 1282 2276 tum
1308 2243 1344 2275 in
1370 2243 1515 2275 morbos
1542 2253 1616 2284 gra·
1639 2252 1673 2278 30

205 2310 270 2346 uis,
308 2314 377 2341 tum
406 2309 441 2340 in
468 2309 607 2344 damna,
644 2314 715 2339 tum
743 2308 779 2339 in
807 2308 983 2339 dedecora
1010 2307 1202 2345 incurrunt,
1231 2318 1338 2351 saepe
1365 2307 1470 2339 etiam
1495 2307 1615 2348 legum

203 2373 489 2415 iudiciorumque
516 2373 641 2415 poenis
669 2371 883 2412 obligantur.
939 2371 999 2413 qui
1027 2378 1143 2403 autem
1168 2372 1218 2404 ita
1244 2372 1311 2403 srui
1337 2371 1465 2403 uolunt
1492 2371 1617 2414 uolup·
1639 2381 1700 2412 (48)

205 2437 349 2474 tatibus,
378 2442 416 2469 ut
443 2436 534 2468 nulli
561 2441 705 2479 propter
729 2446 787 2467 eas
813 2440 1076 2478 consequantur
1103 2435 1258 2473 dolores,
1288 2441 1322 2468 et
1349 2436 1409 2479 qui
1438 2446 1538 2467 suum
1566 2436 1616 2467 iu·

206 2502 336 2534 dicium
371 2501 534 2539 retinent,
577 2512 620 2532 ne
658 2500 840 2543 uoluptate
875 2501 961 2532 uicti
993 2500 1122 2532 saciant
1157 2501 1194 2532 id
1227 2501 1323 2544 quod
1359 2502 1513 2533 sentiant
1544 2511 1615 2533 non

206 2577 285 2598 csse
305 2566 516 2602 faciendum,
542 2565 566 2597 ii
591 2565 812 2607 uoluptatem
835 2565 1020 2597 maximam
1045 2565 1289 2608 adipiscuntur
1306 2565 1616 2608 praetermittenda
1639 2570 1672 2596 35

330 2733 344 2764 1
367 2742 418 2773 sq.
449 2731 492 2763 cf.
520 2742 554 2773 p.
574 2730 656 2766 272,
679 2731 721 2764 15
743 2741 819 2772 sqq.
868 2731 872 2771 l
922 2729 966 2763 10
993 2730 1172 2761 intercidit
1198 2729 1316 2767 colon,
1344 2740 1416 2772 quo
1443 2729 1615 2772 cupidita-

206 2797 258 2823 tes
287 2790 465 2822 naturales
494 2801 558 2821 nec
586 2791 807 2822 necessariae
836 2789 1002 2822 definitae
1031 2795 1129 2821 eraut
