1846 3288
418 246 774 279 EMENDANTVR
801 246 976 279 VERBA
1001 245 1207 278 EPICVRI
1412 244 1512 277 XIX

106 364 310 414 Epicurus
342 364 490 401 dixerit
519 375 610 400 sero
642 363 822 400 intellexi
852 376 903 401 ex
925 363 1128 407 Lucretio,
1160 362 1228 411 qui
1258 369 1290 402 V
1324 362 1515 401 753—67

110 439 232 483 negat
263 444 356 470 esse
389 444 459 470 cur
491 438 595 470 terra
626 432 799 469 maxime
830 433 964 483 lunae,
991 433 1086 470 luna
1107 430 1180 468 soli
1209 429 1374 476 officiat,
1406 428 1523 465 aliud

48 488 59 496 “
93 498 236 551 facere
266 500 311 536 id
337 512 413 536 non
437 505 549 548 ‘posse
569 503 733 547 puletur
763 505 912 547 corpus,
945 499 1052 548 quod
1083 509 1231 535 cassum
1263 495 1426 533 labatur
1457 496 1519 532 lu-

107 567 206 604 mine
233 573 392 616 semper.
452 568 725 615 Anaxagorae
758 566 832 615 Ep.
865 565 972 604 hane
1003 565 1282 604 coniecturam
1312 563 1438 600 debet
1469 562 1518 599 cs.

107 633 354 683 Hippolytus
376 636 414 678 8,
440 637 462 671 6
484 647 523 683 p.
547 635 641 684 562,
669 635 718 672 15
741 633 791 671 D.
821 629 928 673 εἶναι
949 631 986 672 δ’
1008 629 1215 673 ὑποκάτω
1235 630 1324 671 τῶν
1345 626 1518 679 ἄστρων

105 696 228 748 ἡλίου
249 697 347 750 <τε>
370 698 440 739 καὶ
461 698 650 748 σελήνης
672 696 854 748 σώματά
873 711 967 739 τινα
989 695 1400 748 συμπεριφερόμενα
1420 695 1518 746 ἡμῖν

106 765 331 817 ἀόρατα,
377 769 651 815 Anaxagorae
693 767 825 805 facem
855 767 1132 804 Anaximenes
1171 765 1420 816 praetulerat
1450 765 1520 814 qui

106 835 226 873 Aetio
256 842 291 874 11
311 836 373 882 13,
398 837 447 874 10
468 847 504 884 p.
525 836 619 879 342,
641 836 689 872 17
724 840 830 871 teste
861 834 1004 871 statuit
1032 830 1175 882 γεώδη
1202 829 1385 882 σώματα
1415 839 1519 880 συμ-

106 899 430 952 περιφερόμενοι
459 900 632 950 τούτοις
665 899 864 951 ἀόρατα
882 899 909 942 1.
956 903 1078 951 igitur
1104 902 1361 940 scribendum
1383 898 1409 949 ἢ
1438 899 1520 949 γῆς

105 967 131 1019 ἢ
164 966 411 1020 ἀοράτου
438 967 556 1019 τινὸς
589 966 740 1018 ἑτέρου
768 966 979 1008 τοιούτου.
1028 970 1218 1006 socordia
1239 968 1387 1005 librarii
1407 975 1519 1018 post-

106 1049 230 1088 quam
270 1034 462 1086 οὐρανοῦ
501 1037 618 1074 dedit
654 1048 728 1086 pro
766 1032 973 1086 ἀοράτου,
1014 1036 1212 1085 reliquum
1250 1042 1337 1073 erat
1368 1041 1412 1073 ut
1442 1041 1520 1073 ter-

106 1105 205 1143 tium
235 1102 261 1153 ἢ
293 1105 619 1155 interpolaretur.
672 1117 725 1141 an
757 1105 855 1142 latet
885 1104 924 1141 in
955 1115 1007 1141 eo
1037 1100 1161 1152 ἡμῖνῖ)

217 1172 315 1210 ibid.
345 1173 396 1210 97
429 1185 466 1221 p.
491 1174 556 1220 42,
582 1172 632 1210 14
663 1168 815 1211 ἅπασα
844 1168 871 1220 ἡ
902 1171 1004 1211 τῶν
1036 1168 1310 1220 μετεώρων
1341 1167 1520 1210 αἰτιολο-

105 1236 177 1288 γία
199 1240 296 1277 inde
318 1252 342 1278 a
358 1238 568 1289 Stephano
595 1240 739 1283 editur,
763 1251 854 1277 cum
874 1239 1100 1277 Frobenius
1130 1235 1280 1278 ἅπασα
1309 1235 1406 1287 περὶ
1435 1236 1521 1277 τῶν

106 1307 343 1346 exhibuerit.
385 1318 477 1344 cum
498 1319 632 1357 neque
662 1319 713 1344 ex
740 1306 973 1344 Borbonico
1006 1317 1141 1356 neque
1171 1317 1223 1342 ex
1242 1304 1521 1343 Laurentiano

105 1374 146 1412 H
176 1386 313 1425 neque
343 1387 392 1411 ex
420 1374 698 1412 Laurentiano
730 1374 762 1411 F
795 1375 1015 1424 quicquam
1047 1374 1291 1411 adnotatum
1323 1372 1518 1416 uiderem,

107 1442 330 1491 deceptum
360 1454 425 1480 me
464 1442 568 1491 fugit
598 1454 740 1480 uerum
780 1438 805 1490 ἡ
846 1438 963 1491 περὶ
993 1442 1082 1480 τῶν
1113 1452 1200 1490 μετ.
1233 1446 1273 1477 et
1304 1452 1327 1477 a
1359 1439 1521 1478 Cobeto

106 1509 337 1547 restitutum
382 1508 487 1559 (sine
524 1510 651 1548 dubio
690 1521 740 1546 ex
774 1507 821 1559 F)
859 1516 903 1546 et
940 1509 979 1545 in
1019 1508 1230 1546 codicibus
1263 1506 1337 1555 PQ
1373 1507 1523 1557 inesse,

107 1588 281 1625 quorum
310 1578 590 1615 testimonium
621 1589 671 1614 ex
706 1577 882 1614 Bonneti
919 1576 1079 1614 silentio
1118 1577 1389 1625 repetendum
1422 1580 1521 1612 erat.

106 1643 158 1683 cf.
191 1656 255 1694 ep.
288 1651 305 1683 Ι
327 1646 379 1682 78
409 1657 446 1694 p.
471 1646 608 1689 28,15
640 1642 719 1693 τὴν
750 1640 860 1694 ὑπὲρ
889 1643 975 1682 τῶν
1006 1640 1282 1692 κυριωτάτων
1312 1639 1451 1682 αἰτίαν
1483 1649 1524 1679 et

109 1710 226 1748 huius
261 1713 338 1751 116
370 1724 407 1762 p.
427 1714 493 1761 55,
518 1715 541 1751 7
579 1710 658 1762 τὰς
691 1709 789 1761 περὶ
818 1713 907 1752 τῶν
938 1709 1047 1751 κατὰ
1079 1709 1208 1760 μέρος
1239 1707 1392 1759 αἰτίας,
1429 1711 1525 1748 item

108 1775 365 1826 αἰτιολογεῖν
395 1776 502 1829 ὑπὲρ
537 1779 766 1829 μετεώρων
795 1786 897 1829 ep.1
920 1781 973 1819 80
1006 1776 1094 1830 (29,
1116 1776 1184 1828 20)
1215 1784 1257 1815 et
1279 1779 1330 1817 82
1361 1778 1447 1828 (31,
1467 1773 1525 1829 8).

111 1847 290 1884 eandem
321 1847 483 1897 culpam
515 1848 638 1886 doleo
668 1848 893 1885 admissam
924 1846 1021 1884 mihi
1042 1858 1134 1883 esse
1159 1847 1234 1884 116
1258 1858 1294 1895 p.
1312 1846 1380 1890 55,
1399 1846 1421 1883 5
1451 1841 1526 1884 ἔτι

109 1911 165 1953 δὲ
198 1912 426 1963 κριτηρίων
454 1912 524 1954 καὶ
554 1914 717 1962 παθῶν,
749 1926 801 1952 eo
824 1915 957 1952 minus
980 1914 1272 1959 excusandam
1294 1913 1409 1961 quod
1433 1924 1525 1950 cum

109 1976 187 2020 ἔτι
216 1991 271 2021 τε
300 1982 528 2032 particulae
558 1994 643 2020 non
675 1995 764 2021 raro
797 1989 839 2020 et
869 1982 911 2020 in
941 1981 1020 2019 hac
1052 1981 1229 2031 epistula
1259 1979 1317 2030 (p.
1341 1982 1410 2025 41,
1432 1981 1469 2018 2.
1487 1981 1525 2019 8.

110 2049 178 2093 42,
200 2050 237 2089 9.
271 2050 339 2094 44,
362 2047 405 2099 9)
434 2056 478 2088 et
508 2051 549 2088 iu
579 2051 768 2100 genuinis
799 2049 942 2087 libellis
984 2045 1067 2099 (ep.
1101 2056 1117 2088 1
1148 2060 1185 2097 1).
1210 2049 1275 2092 17,
1300 2048 1364 2086 16.
1395 2047 1462 2091 29,
1487 2047 1525 2084 2.

109 2117 176 2166 30,
200 2117 223 2155 3
246 2122 350 2156 sent.
371 2129 411 2167 p.
436 2118 501 2164 73,
527 2119 589 2157 15.
623 2119 687 2162 74,
714 2117 750 2168 1)
783 2118 1015 2166 iungantur,
1046 2115 1334 2164 particularum
1366 2109 1442 2153 ἔτι
1472 2112 1527 2152 δὲ

109 2189 268 2223 certum
303 2185 534 2235 exemplum
574 2186 614 2223 in
653 2185 815 2235 Epicuri
859 2184 1037 2234 reliquiis
1078 2183 1177 2220 noui
1219 2180 1428 2220 nullum2:
1481 2193 1529 2219 ac

108 2263 148 2301 p.
168 2252 236 2296 55,
267 2254 290 2291 7
329 2248 390 2292 ἔτι
419 2263 473 2292 τε
505 2252 760 2303 Stephanum
794 2253 921 2290 secuti
953 2262 1095 2289 omnes
1127 2250 1359 2295 ediderant,
1391 2251 1528 2287 donee

109 2319 150 2355 in
180 2319 409 2369 exemplum
441 2319 801 2366 Taucbnitianum‚
837 2330 920 2369 quo
952 2324 993 2356 et
1013 2316 1342 2355 Wachsmuthius
1373 2322 1414 2355 et
1444 2328 1525 2366 ego

108 2386 170 2423 usi
201 2398 354 2438 sumus,
383 2388 524 2425 nescio
555 2400 638 2437 qua
668 2387 932 2437 neglegentia
951 2383 1012 2425 ἔτι
1043 2383 1096 2425 δὲ
1127 2385 1291 2423 inuasit.
1331 2385 1419 2422 libri
1440 2396 1528 2422 om-

233 2502 250 2536 1
280 2502 349 2535 alia
374 2503 573 2536 testimonia
598 2504 686 2536 infra
710 2515 744 2546 p.
759 2502 831 2537 384
855 2503 890 2545 <G
905 2514 935 2545 a,
953 2505 989 2546 γ)
1016 2507 1050 2535 et
1075 2501 1145 2536 385
1170 2501 1255 2544 (71))
1280 2501 1452 2535 inuenies.

231 2560 253 2595 2
279 2561 388 2594 semel
412 2566 547 2594 exstare
581 2563 723 2595 uidetur
758 2562 812 2597 ἔτι
839 2563 871 2596 δ’
907 2563 943 2594 in
978 2561 1129 2604 reliquiis
1154 2560 1234 2594 libri
1261 2561 1345 2604 περὶ
1371 2561 1526 2604 φύσεως

110 2619 233 2653 incerti
263 2630 284 2652 a
309 2621 523 2663 Gomperzio
557 2621 756 2664 conpositis
787 2621 932 2653 le’ener
966 2622 1064 2652 stud.
1092 2624 1114 2653 t.
1142 2627 1154 2652 1
1181 2630 1216 2662 p.
1241 2618 1287 2653 ‘29
1313 2630 1347 2653 u.
1374 2619 1431 2658 24,
1466 2620 1529 2652 sed

108 2676 241 2722 legitur
270 2678 362 2711 illud
396 2680 432 2712 in
467 2681 665 2721 fragmento
698 2685 776 2712 ante
803 2679 1053 2722 Gomperzium
1089 2689 1159 2711 non
1196 2679 1340 2719 cognito
1367 2678 1413 2719 (in
1442 2676 1531 2710 VHl

111 2740 174 2770 tx
202 2737 272 2772 col.
290 2747 363 2772 1111
389 2743 424 2771 et
451 2748 520 2773 XIV
545 2739 622 2771 eius
649 2738 838 2771 uoluminis
866 2748 937 2770 non
964 2738 1079 2770 editae
1105 2737 1208 2782 sunt),
1238 2742 1273 2768 et
1298 2736 1425 2778 legitur
1450 2741 1530 2769 ante

111 2793 283 2835 lacunam,
312 2796 439 2829 licebit
464 2797 570 2838 igitur
597 2798 772 2831 dubitare.

1448 2839 1503 2878 b*
