1846 3288
290 213 415 245 XLIV
843 210 1139 242 PRAEFATIO

291 334 333 366 et
363 329 556 366 breuibus
587 329 833 378 conciperet.
893 339 978 364 non
1017 326 1198 364 defuisse
1231 326 1267 364 ei
1297 327 1403 364 hanc
1435 333 1565 365 artem
1596 327 1699 365 uidi·

290 407 393 445 mus,
436 401 478 433 et
507 395 630 433 libros
674 396 761 432 eius
799 395 1018 444 plerosque
1050 393 1199 430 talibus
1230 394 1359 431 effatis
1390 394 1609 432 distinctos
1640 394 1700 432 su·

291 463 371 500 isse
407 462 620 512 probabile
662 467 737 499 est.
800 461 899 510 quid
930 460 1052 509 igitur
1079 460 1222 498 mirum
1255 461 1367 509 quod
1399 460 1576 498 libellum
1606 473 1701 510 gra—

291 529 478 568 uissimas
520 528 683 579 Epicuri
720 529 947 565 sententias
989 527 1234 576 conplexum
1273 532 1500 564 sectatores
1540 528 1580 564 in
1610 527 1700 565 sinu

289 596 489 645 gerebant
518 603 572 645 et,
608 595 721 644 quod
755 594 899 632 Cicero
937 594 990 631 de
1030 593 1096 632 fin.
1128 600 1165 632 11
1189 595 1225 643 7,
1246 595 1299 633 20
1329 592 1384 643 (p.
1410 594 1480 642 69)
1515 601 1700 640 testatur,

287 663 541 703 ediscebant.
587 661 876 700 celeberrimus
908 661 982 698 suit
1012 661 1121 698 omni
1153 661 1412 710 antiquitate,
1444 668 1488 699 ut
1525 669 1699 712 apparet

290 742 339 768 ex
379 730 621 768 testimoniis
661 741 699 779 p.
727 730 780 767 68
803 740 863 777 sq.
905 730 985 767 394
1009 739 1096 776 sqq.
1130 728 1368 779 conpositis,
1416 729 1541 778 idque
1576 730 1701 769 etiam

290 804 387 835 ante
418 795 627 835 Ciceronis
662 796 971 844 Philodemique
1002 802 1197 833 aetatem.
1259 796 1338 833 iam
1368 803 1464 834 tunc
1495 797 1623 835 multa
1653 809 1702 835 ac

291 865 456 902 diuersa
488 865 613 902 libelli
644 864 832 912 exempla
858 863 1102 908 ferebantur,
1135 863 1188 900 de
1210 863 1396 900 lectionis
1426 864 1703 914 discrepantia

291 932 578 981 disputabatur
599 929 656 980 (u.
676 931 772 968 adn.
799 932 863 976 72,
882 931 936 979 1),
970 932 1025 968 de
1054 930 1226 968 ueritate
1249 931 1544 968 sententiarum
1573 938 1702 969 certa-

289 1000 410 1038 batur
437 998 680 1047 fuerantque
707 997 802 1046 ταῖς
835 995 1006 1046 Κυρίαις
1038 994 1185 1045 δόξαις
1219 994 1561 1047 ἀντιγράφοντες
1594 996 1702 1048 (Phi-

290 1067 480 1103 lodemus
522 1065 625 1104 infra
659 1077 694 1114 p.
720 1062 805 1113 68).
871 1076 948 1102 nec
984 1077 1093 1102 uana
1140 1065 1378 1102 coniectura
1420 1077 1470 1102 ex
1502 1065 1702 1104 Cicerone

290 1133 514 1183 colligetur,
557 1144 608 1169 ne
645 1131 871 1171 Carneadis
903 1132 1071 1182 quidem
1103 1132 1184 1169 tela
1215 1131 1309 1169 huic
1342 1131 1474 1169 libello
1506 1132 1703 1171 defuisse.

403 1205 518 1237 ratas
554 1200 764 1236 sententias
805 1200 1032 1237 secundum
1065 1199 1444 1248 interpretationem
1473 1199 1704 1238 Tullianam

290 1269 344 1305 de
374 1268 441 1306 fin.
473 1275 509 1306 11
533 1268 640 1311 7,20
673 1264 788 1315 (uide
820 1279 857 1316 p.
882 1264 950 1315 69)
991 1266 1230 1304 Gassendus
1262 1267 1427 1303 uocauit
1458 1273 1499 1304 et
1530 1279 1621 1305 cum
1653 1279 1704 1306 eo

293 1335 477 1385 plerique
506 1340 671 1378 uocant,
704 1345 784 1383 ego
813 1335 969 1370 selectas
1001 1333 1139 1371 dicere
1168 1333 1293 1370 malui
1314 1334 1425 1370 nisus
1458 1346 1542 1372 non
1573 1335 1705 1373 solum

293 1402 481 1440 eiusdem
522 1401 732 1440 Ciceronis
773 1402 826 1438 de
868 1407 952 1438 nat.
995 1402 1108 1438 deor.
1143 1412 1159 1439 1
1181 1402 1317 1448 30‚85
1355 1401 1600 1440 auctoritate
1631 1404 1707 1441 sed

294 1482 344 1507 eo
375 1470 567 1515 maxime,
599 1471 713 1518 quod
734 1481 776 1506 re
797 1481 894 1506 uera
927 1469 1106 1506 selectae
1132 1480 1206 1505 eae
1231 1474 1325 1504 sunt
1355 1480 1405 1504 ex
1436 1468 1587 1518 ingenii
1609 1469 1705 1520 Epi-

294 1537 403 1575 curei
433 1537 722 1575 monumentis.
778 1536 858 1574 hoc
890 1536 1110 1585 Epicurum
1153 1536 1284 1584 ipsum
1330 1537 1589 1584 quantumuis
1620 1549 1703 1574 me-

291 1606 444 1642 moriae
476 1605 768 1653 discipulorum
810 1604 1130 1652 prospicientem
1162 1603 1248 1652 quis
1280 1603 1423 1640 credet
1453 1603 1705 1642 instituisse?

292 1674 370 1710 nisi
403 1672 508 1709 forte
529 1672 663 1721 ipsum
685 1671 980 1720 Hippocratem
1011 1670 1282 1720 aphorismos,
1316 1670 1579 1709 Aristotelem
1612 1684 1706 1722 pro-

290 1740 473 1777 blemata
501 1741 644 1777 credet
675 1751 725 1776 ex
758 1739 840 1776 suis
875 1738 1211 1787 familiariumque
1244 1738 1352 1776 libris
1384 1745 1579 1788 excerpta
1609 1751 1707 1777 con-

290 1808 491 1858 posuisse.
562 1808 764 1857 Epicurus
804 1809 911 1844 enim
945 1818 1028 1856 quo
1059 1807 1186 1844 modo
1217 1807 1270 1843 de
1303 1807 1421 1844 rebus
1454 1807 1705 1855 grauissimis

294 1875 473 1912 breuiter
495 1876 675 1913 dicturus
704 1875 834 1922 fuerit,
867 1875 1060 1912 discimus
1081 1886 1132 1912 ex
1152 1874 1323 1923 epistula
1346 1875 1473 1914 tertia.
1521 1874 1594 1912 has
1615 1886 1707 1912 sen·

291 1943 440 1981 tentias
476 1944 545 1994 qui
592 1944 821 1992 conposuit,
862 1955 961 1981 sane
999 1948 1222 1993 praecepta
1262 1943 1344 1980 duo
1378 1942 1617 1991 principalia
1653 1943 1707 1979 de

292 2011 356 2048 dis
388 2016 428 2048 et
459 2012 511 2048 de
542 2017 675 2048 morte
708 2011 864 2048 curauit
895 2016 939 2047 ut
971 2010 1147 2048 frontem
1181 2010 1303 2047 libelli
1335 2015 1541 2054 ornarent,
1582 2009 1708 2047 etiam

291 2078 454 2116 tertium
483 2084 524 2115 et
558 2083 749 2128 quartum
780 2090 854 2115 suo
884 2078 976 2115 loco
1007 2077 1155 2126 posuit,
1187 2078 1245 2114 ita
1275 2082 1319 2114 ut
1349 2074 1375 2125 ἡ
1407 2073 1708 2126 τετραφάρμα-

291 2156 368 2194 κος
404 2142 520 2196 (uide
553 2157 591 2194 p.
616 2144 688 2193 69)
725 2146 805 2182 iam
841 2151 1008 2194 praesto
1038 2150 1169 2182 esset:
1217 2144 1327 2181 idern
1360 2150 1443 2181 tam
1475 2144 1708 2182 inconsulto

291 2219 431 2251 cetera
462 2212 775 2261 administrauit,
815 2218 859 2250 ut
891 2212 1082 2261 primaria
1113 2212 1329 2249 doctrinae
1359 2211 1495 2260 capita
1526 2216 1707 2260 praeter-

290 2280 483 2325 mitteret,
515 2281 750 2318 admitteret
783 2281 1037 2318 secundaria.
1099 2280 1212 2316 uelut
1243 2279 1309 2316 illa
1341 2279 1394 2316 de
1428 2278 1551 2316 rebus
1581 2278 1706 2328 publi-

291 2347 349 2384 cis
387 2359 493 2396 quae
531 2353 634 2386 sent.
664 2354 804 2387 XXXII
841 2355 882 2384 et
913 2348 1044 2396 magis
1080 2347 1203 2384 etiam
1244 2358 1349 2395 quae
1387 2358 1416 2384 s.
1447 2351 1619 2385 XXXVII
1646 2357 1706 2395 sq.

291 2415 494 2452 docentur
523 2427 646 2452 nemo
676 2415 863 2464 profecto
894 2416 998 2452 inter
1019 2415 1182 2464 potiora
1213 2413 1458 2462 disciplinae
1481 2413 1707 2462 Epicureae

290 2480 470 2526 habebit,
512 2493 619 2531 quae
650 2482 1048 2520 administrationem
1081 2481 1137 2518 rei
1166 2480 1357 2530 publicae
1390 2477 1709 2519 dissuadebat1.

295 2569 360 2602 116
388 2568 462 2611 (55,
488 2569 536 2612 1).
585 2569 746 2602 Laertius
774 2570 881 2611 Diog.
906 2579 933 2603 x
963 2568 1005 2603 12
1035 2568 1086 2613 (p.
1113 2567 1194 2612 365,
1222 2568 1280 2612 18)
1317 2568 1499 2610 ἐγύμναζε
1525 2567 1579 2610 δέ,
1614 2566 1710 2611 φησί

290 2627 483 2671 (Diocles),
519 2629 609 2669 τοὺς
642 2627 858 2671 γνωρίμους
892 2628 952 2662 καὶ
979 2627 1039 2661 διὰ
1075 2627 1222 2670 μνήμης
1253 2627 1350 2669 ἔχειν
1380 2626 1427 2660 τὰ
1453 2627 1590 2660 ἑαυτοῦ
1621 2635 1708 2668 συγ·

290 2686 503 2729 γράμματα.

414 2745 432 2778 1
461 2745 499 2779 fr.
527 2745 592 2780 551
624 2756 700 2790 sqq.
743 2746 786 2778 ef.
815 2754 903 2779 sent.
928 2755 1007 2779 xiv.
1050 2755 1179 2788 anceps
1217 2749 1269 2777 est
1298 2744 1510 2788 philosophi
1543 2744 1709 2776 iudicium

291 2808 376 2837 sent.
402 2813 443 2838 Ἦ
456 2815 509 2848 sq.
