1842 3250
202 882 272 914 324

202 1208 271 1242 325

201 1354 269 1388 326

196 2345 265 2379 327

301 246 371 279 224
782 247 983 280 EPICVRI
1010 249 1226 281 PHYSICA

300 360 412 394 ἐστιν.
458 360 547 394 ἄνευ
578 361 617 395 δὲ
647 361 797 395 τούτων
824 361 898 396 ἔδει
926 362 973 404 δή
999 373 1074 396 που
1100 363 1168 404 τὰς
1193 363 1417 405 ἀνωμάλους
1442 364 1591 406 νύκτας,
1625 363 1708 399 οἷον

298 423 516 466 ὁμιχλώδεις
549 426 609 459 καὶ
642 425 908 469 δυσχειμέρους
939 426 1200 470 ἠχωδεστέρας
1233 428 1326 462 εἶναι
1357 430 1436 461 τῶν
1468 427 1621 471 αἰθρίων
1648 429 1708 463 καὶ

298 489 539 532 κεκραμένων
565 490 715 531 ὁμαλῶς
742 490 801 524 διὰ
825 490 869 524 τὸ
896 491 1008 534 δεῦρο
1035 491 1102 533 μὲν
1130 494 1314 526 συνωθεῖν
1337 492 1405 533 τὰς
1431 492 1605 534 ἀτόμους,
1634 493 1709 527 ἐκεῖ

297 553 338 587 δὲ
364 553 453 588 ὅθεν
479 553 721 595 μεθίστανται
746 554 873 597 χώραν
900 555 1040 598 ἔρημον
1068 554 1265 590 ἀπολιπεῖν
1292 556 1492 598 σωμάτων,
1519 556 1642 590 καὶτὸ
1662 557 1708 598 δὴ

296 618 606 661 προχειρότατον,
633 618 776 661 ἡμέραν
794 619 943 661 ψυχρὰν
963 619 1228 662 ἠχωδεστέραν
1257 620 1351 654 εἶναι
1378 620 1514 662 νυκτὸς
1540 620 1709 663 ἀλεεινῆς
1733 630 1748 655 5

296 683 357 716 καὶ
383 683 550 725 θερινῆς
577 682 633 716 ὧν
659 682 863 726 οὐδέτερον
888 682 1024 726 ἀληθές
1050 683 1163 718 ἐστιν.

344 798 411 830 DE
437 798 599 831 GVSTV

417 877 672 912 PLv'rAchvs
699 879 778 911 adu.
797 878 951 911 Coloten
970 880 1015 913 ‘25
1041 891 1074 923 p.
1101 879 1207 913 1121¹¹
1233 883 1288 924 τῷ
1314 880 1506 924 λεγομένῳ
1531 881 1615 924 περὶ
1641 883 1708 924 τῆς

295 942 474 985 γεύσεως,
509 943 567 977 ὅτι
593 943 638 977 τὸ
665 943 772 984 ἐκτὸς
799 944 844 977 οὔ
872 953 988 986 φησιν
1013 945 1107 978 εἶναι
1134 944 1263 988 γλυκύ,
1295 945 1416 986 πάθος
1443 945 1483 979 δέ
1508 956 1542 980 τι
1569 947 1629 979 καί
1656 945 1706 980 κί-

295 1017 396 1051 νημα
421 1008 506 1049 περὶ
533 1008 653 1049 αὐτὴν
680 1008 876 1049 γεγονέναι
902 1011 1090 1042 τοιοῦτον.

343 1123 410 1155 DE
435 1123 607 1155 SOMNO
631 1124 695 1155 ET
720 1124 923 1156 SOMNIIS

414 1202 718 1238 TERTVLLIANVS
745 1206 788 1237 de
816 1206 930 1237 anima
958 1216 985 1238 c.
1006 1206 1051 1239 43
1096 1205 1286 1249 ‘Epicurei
1313 1205 1489 1248 (somnum
1517 1205 1705 1248 affirmant)

295 1269 574 1301 deminutionem
601 1270 747 1312 spiritus
773 1270 936 1302 animalis
948 1269 966 1303 ².

415 1347 672 1383 an'rAncuvs
697 1356 848 1393 quaestt.
877 1351 1018 1384 conuiu.
1046 1358 1119 1384 vm
1152 1351 1204 1390 10,
1235 1351 1245 1383 1
1279 1362 1312 1394 p.
1334 1350 1421 1385 '734¹l
1461 1351 1506 1385 τὸ
1533 1352 1574 1386 δὲ
1600 1352 1704 1393 λεγό-

293 1424 407 1456 μενον
438 1414 523 1457 περὶ
558 1416 637 1448 τῶν
670 1414 869 1458 ἐνυπνίων,
912 1414 964 1456 ὡς
989 1415 1092 1449 ἔστιν
1122 1415 1275 1458 ἀβέβαια
1309 1416 1368 1449 καὶ
1395 1416 1519 1458 ψευδῆ
1546 1416 1705 1457 μάλιστα
1747 1424 1762 1448 5

291 1479 376 1522 περὶ
403 1479 493 1519 τοὺς
517 1479 754 1521 φυλλοχόους
781 1481 909 1521 μῆνας,
938 1479 1007 1514 οὐκ
1034 1480 1103 1514 οἶδ’
1129 1480 1233 1520 ὅπως
1259 1507 1265 1513 .
1288 1507 1293 1513 .
1316 1508 1322 1514 .
1351 1479 1526 1522 ἀνέκυψε.
1555 1507 1704 1515 ......

291 1540 348 1588 §2
375 1555 408 1587 p.
428 1542 514 1577 734f
536 1545 555 1578 ό
585 1544 624 1579 δέ
651 1545 870 1587 Φαβωρῖνος
898 1572 904 1578 .
926 1572 932 1578 .
955 1572 960 1578 .
982 1572 989 1579 .
1017 1545 1132 1586 λόγον
1157 1545 1242 1579 τινὰ
1268 1548 1337 1579 τοῦ
1365 1545 1608 1588 Δημοκρίτου
1634 1556 1702 1579 πα-

290 1607 397 1642 λαιὸν
422 1608 546 1652 ὥςπερ
573 1609 613 1643 ἐκ
640 1613 786 1643 καπνοῦ
812 1609 981 1643 καθελὼν
1005 1609 1280 1653 ἠμαυρωμένον
1307 1608 1386 1652 οἷος
1405 1610 1450 1652 ἦν
1470 1610 1703 1653 ἐκκαθαίρειν

292 1673 351 1706 καί
379 1672 682 1717 διαλαμπρύνειν,
709 1674 943 1715 ὑποθέμενος
967 1676 1084 1708 τοῦτο
1111 1674 1157 1716 δὴ
1184 1674 1444 1717 τούπιδήμιον,
1472 1674 1493 1708 ὅ
1511 1683 1606 1717 φησι
1626 1674 1703 1717 Δη-

292 1737 477 1781 μόκριτος,
506 1737 882 1781 ἐγκαταβυσσοῦσθαι
900 1739 947 1773 τὰ
967 1739 1104 1774 εἴδωλα
1131 1739 1191 1773 διὰ
1216 1742 1294 1773 τῶν
1322 1740 1453 1782 πόρων
1480 1738 1530 1780 εἰς
1556 1739 1604 1773 τὰ
1630 1739 1703 1773 σώ-
1728 1749 1743 1774 ‘2

291 1812 390 1844 ματα
416 1802 475 1836 καὶ
502 1804 622 1836 ποιεῖν
649 1802 716 1843 τὰς
734 1802 830 1836 κατὰ
857 1802 924 1836 τὸν
943 1802 1065 1836 ὕπνον
1084 1802 1190 1844 ὄψεις
1210 1802 1535 1845 ἐπαναφερόμενα.
1563 1804 1703 1845 φοιτᾶν

292 1867 332 1901 δέ
350 1869 471 1901 ταῦτα
497 1867 735 1909 πανταχόθεν
763 1866 925 1901 ἀπιόντα
952 1867 1011 1901 καὶ
1038 1869 1185 1901 σκευῶν
1213 1868 1273 1900 καί
1301 1866 1458 1908 ἱματίων
1479 1867 1539 1900 καὶ
1557 1868 1702 1909 φυτῶν,

291 1931 450 1974 μάλιστα
483 1932 523 1966 δὲ
555 1932 664 1975 Ζῲων
697 1931 771 1965 ὑπὸ
805 1931 922 1966 σάλου
954 1932 1098 1966 πολλοῦ
1131 1932 1191 1965 καὶ
1224 1931 1467 1974 θερμότητος,
1506 1931 1552 1965 οὐ
1586 1931 1703 1973 μόνον

291 1996 429 2039 ἔχοντα
455 1995 693 2039 μορφοειδεῖς
717 1998 787 2029 τοῦ
814 1995 990 2037 σώματος
1017 1995 1298 2037 ἐκμεμαγμένας
1325 1996 1552 2039 ὁμοιότητας
1579 2015 1620 2019 —
1652 1996 1703 2037 ὡς

1735 1022 1764 1044 10

290 2059 508 2103 Ἐπίκουρος
533 2059 650 2095 οἴεται
677 2060 782 2103 μέχρι
807 2059 949 2094 τούτου
976 2059 1204 2104 Δημοκρίτῳ
1232 2060 1500 2102 συνεπόμενος,
1539 2061 1702 2095 ἐνταῦθα
1726 2070 1759 2094 ‘25

291 2125 332 2159 δὲ
350 2125 546 2169 προλιπὼν
572 2125 640 2159 τὸν
666 2124 782 2166 λόγον
805 2143 866 2167 —-,
898 2123 991 2159 ἀλλὰ
1018 2126 1078 2159 καὶ
1105 2127 1182 2158 τῶν
1210 2124 1306 2159 κατὰ
1332 2126 1458 2168 ψυχὴν
1485 2124 1702 2168 κινημάτων

290 2189 350 2223 καί
378 2189 646 2232 βουλευμάτων
680 2189 828 2234 ἑκάστῳ
861 2190 921 2223 καὶ
948 2189 1052 2232 ἠθῶν
1084 2190 1145 2224 καὶ
1171 2192 1304 2224 παθῶν
1332 2189 1512 2233 ἐμφάσεις
1539 2189 1702 2232 ἀναλαμ-

291 2254 454 2297 βάνοντα
482 2255 779 2297 συνεφέλκεσθαι
804 2256 880 2289 κτλ.

411 2334 626 2369 commum
653 2336 788 2368 Lucani
817 2343 872 2368 VH
901 2336 923 2369 8
949 2347 982 2378 p.
1004 2336 1085 2374 221,
1106 2336 1123 2368 1
1152 2335 1347 2379 ‘Epicurus
1374 2336 1459 2367 dicit
1487 2340 1624 2367 atomos
1650 2335 1701 2366 in·

290 2399 398 2432 fluere
434 2401 559 2432 animis
593 2400 723 2432 nostris
750 2401 785 2432 in
812 2400 1026 2441 imaginibus
1059 2410 1244 2442 corporum
1280 2404 1315 2432 et
1342 2410 1382 2432 ea
1408 2410 1499 2442 quae
1525 2399 1700 2439 gessimus

290 2471 349 2496 aut
374 2475 465 2508 quae
491 2464 625 2506 gesturi
652 2475 783 2503 sumus,
809 2474 873 2507 per
899 2464 1054 2507 quietem
1080 2464 1196 2496 uideri
1206 2463 1226 2497 ².

409 2595 430 2628 8
464 2595 640 2636 integrum
672 2595 791 2627 locum
824 2596 936 2627 habes
970 2596 1010 2629 fr.
1037 2595 1107 2629 252
1140 2607 1173 2639 p.
1198 2596 1275 2634 186,
1295 2595 1328 2629 8.
1370 2606 1442 2628 reru
1470 2595 1699 2638 rationesque

289 2654 435 2697 exponit
453 2654 640 2686 Lucretius
667 2661 705 2686 lv
725 2654 919 2687 617-670
962 2654 976 2697 [Ι
1022 2654 1064 2687 12
1092 2655 1136 2687 cf.
1160 2655 1199 2687 sr.
1217 2655 1282 2687 311
1312 2665 1346 2697 p.
1361 2654 1443 2693 217,
1460 2655 1481 2687 4
1523 2653 1538 2697 ΙΙ
1580 2653 1627 2686 29
1656 2654 1699 2686 cf.

288 2712 428 2745 Lucret.
448 2720 488 2745 lv
505 2712 732 2746 962-—1036.
752 2713 820 2746 757
842 2724 918 2756 sqq.
938 2714 972 2745 in
992 2724 1021 2756 p·
1035 2713 1114 2745 imis
1135 2712 1336 2746 794-817,
1376 2713 1604 2745 Democritea
1623 2723 1700 2744 sen-

288 2771 397 2803 tentia
423 2772 501 2806 fuit,
529 2772 573 2804 cs.
602 2771 672 2805 Cic.
700 2772 744 2803 de
772 2772 883 2805 diuin.
913 2779 941 2805 11
968 2772 1115 2807 58.120

1725 2407 1758 2430 30
