1842 3250
134 1221 203 1254 467

133 1699 206 1734 468

134 2048 204 2083 469

228 251 299 285 300
723 253 927 285 EPICVRI
953 254 1140 286 ETHICA

226 367 308 400 tatis
334 372 488 401 assertor
514 378 635 400 omnes
661 367 775 401 libros
802 379 886 401 suos
911 368 1062 412 repleuit
1089 369 1247 402 oleribus
1274 375 1309 402 et
1333 370 1462 412 pomi&
1489 376 1523 402 et
1551 370 1631 402 uili-

230 432 296 464 bus
324 431 413 463 cibis
442 431 528 464 dicit
554 442 631 464 esse
657 433 862 471 uiuendum,
889 433 972 475 quia
999 443 1120 465 carnes
1148 439 1182 465 et
1208 433 1404 476 exquisitae
1432 434 1558 476 epulae
1584 435 1636 466 in-

229 495 326 536 genti
352 504 434 528 cura
458 506 498 528 ac
523 496 665 529 miseria
691 502 943 540 praeparentur
972 497 1210 539 maioremque
1237 507 1389 540 poenam
1420 497 1574 530 habeant
1598 498 1635 530 in

229 560 433 602 quaerendo
452 570 556 603 quam
582 561 801 603 uoluptatem
828 561 864 592 in
893 561 1086 594 abutendo.
1117 572 1262 604 corpora
1281 567 1395 594 autem
1413 567 1533 595 nostra
1553 562 1634 594 cibo

228 628 364 655 tantum
391 630 424 655 et
449 630 536 668 potu
563 625 734 667 indigere.
760 625 822 657 ubi
847 636 936 668 aqua
964 630 998 657 et
1023 627 1124 669 panis
1152 627 1195 659 sit
1222 631 1256 659 et
1281 632 1399 659 cetera
1416 626 1472 658 his
1492 627 1635 665 similia,

228 688 280 720 ibi
305 693 450 720 naturae
477 690 562 721 satis
589 690 729 722 sactum.
756 689 931 732 quidquid
957 700 1062 732 supra
1088 690 1204 727 fuerit,
1228 700 1300 721 non
1326 690 1369 722 ad
1397 690 1491 722 uitae
1517 683 1636 723 neces-

231 753 368 785 sitatem
395 759 553 796 spectare
580 753 644 785 sed
670 754 715 785 ad
740 753 866 785 uitium
894 753 1100 797 uoluptatis.
1140 754 1264 786 bibere
1291 759 1325 787 et
1352 755 1538 786 comedere
1565 765 1634 787 non

231 817 437 850 deliciarum
469 818 630 850 ardorem
664 818 726 850 sed
760 818 853 850 sitim
883 818 1079 860 famemque
1106 819 1338 859 restinguere.
1384 819 1444 861 qui
1472 818 1636 851 carnibus

232 888 431 920 uescantur‚
470 882 632 923 indigere
663 882 768 914 etiam
805 883 848 914 iis
880 892 970 925 quae
1003 893 1075 915 non
1108 889 1187 915 sunt
1220 882 1395 921 carniunu
1434 883 1495 925 qui
1522 887 1636 915 autem

231 946 384 989 simplici
410 947 506 979 uictu
534 946 733 984 abutantur,
763 957 825 978 eos
853 957 973 979 carnes
1000 957 1072 979 non
1099 947 1288 989 requirere.
1329 947 1525 990 sapientiae
1553 958 1638 989 quo·

231 1023 298 1056 que
326 1022 467 1055 operam
493 1011 577 1044 dare
603 1022 675 1043 non
699 1022 901 1054 possumuS,
929 1011 958 1043 si
985 1022 1127 1043 mensae
1153 1011 1403 1044 abundantiam
1430 1012 1638 1053 cogitemus,

230 1087 321 1119 quae
347 1075 470 1107 labore
496 1075 604 1107 nimio
633 1080 667 1107 et
693 1085 776 1107 cura
801 1075 955 1116 indiget:
983 1075 1053 1108 cito
1081 1075 1243 1118 expletur
1268 1081 1414 1108 naturae
1432 1075 1638 1114 necessitas,

230 1140 341 1182 frigus
369 1144 403 1172 et
430 1140 539 1172 sames
565 1139 718 1183 simplici
743 1140 876 1172 uestitu
903 1146 937 1172 et
962 1141 1042 1172 cibo
1071 1140 1203 1182 expelli
1228 1145 1347 1184 potest
1358 1141 1377 1174 ².

350 1219 591 1254 LACTA-N'rlvs
619 1221 729 1254 diuin.
755 1221 837 1253 inst.
864 1228 910 1254 111
938 1221 993 1259 17,
1013 1221 1034 1253 5
1066 1221 1144 1265 ‘qui
1172 1221 1319 1254 nimium
1344 1232 1469 1264 parcus
1497 1226 1562 1259 est,
1589 1221 1639 1254 di-

230 1286 297 1318 scit
322 1284 383 1330 (ab
409 1285 582 1329 Epicuro)
608 1296 716 1328 aqua
743 1291 784 1317 et
810 1286 990 1328 polenta
1016 1286 1149 1318 uitam
1175 1296 1305 1329 posse
1332 1285 1548 1319 tolerati'.

229 1351 274 1384 cf.
302 1349 514 1383 Plutarchus
544 1355 665 1382 contra
689 1349 788 1393 Epic.
818 1350 989 1382 beatitud.
1022 1349 1065 1383 16
1091 1361 1125 1392 p.
1146 1348 1255 1383 1097ἡ
1295 1350 1352 1384 ὅτι
1385 1350 1452 1390 μὲν
1479 1349 1547 1384 οὖν
1580 1350 1639 1383 καὶ

231 1414 324 1458 πρὸς
354 1414 423 1455 τὰς
454 1417 523 1448 τοῦ
556 1414 732 1455 σώματος
765 1413 905 1457 ἡδονὰς
934 1415 956 1457 ἡ
985 1414 1097 1456 φύσις
1129 1414 1247 1448 δεῖται
1275 1413 1455 1457 χορηγίας
1481 1416 1638 1449 πολυτε-

230 1481 319 1521 λοῦς
345 1480 404 1513 καὶ
430 1479 499 1513 οὐκ
524 1479 651 1513 ἐστιν
679 1479 725 1513 ὲν
752 1479 866 1523 μάζῃ
894 1480 965 1513 καὶ
992 1481 1112 1522 φακῇ
1138 1479 1190 1513 τὸ
1215 1479 1427 1521 ἥδιστον,
1454 1479 1532 1513 ἀλλ’
1560 1478 1638 1520 ὄψα

230 1545 290 1578 καὶ
317 1543 438 1579 Θάσια
466 1545 528 1578 καὶ
553 1544 651 1587 μύρα
677 1571 684 1578 .
707 1570 712 1577 .
735 1571 741 1578 .
762 1571 769 1577 .
803 1545 980 1586 Ζητοῦσιν
1011 1543 1049 1578 αἱ
1079 1545 1160 1577 τῶν
1185 1543 1475 1578 ἀπολαυστικῶν
1503 1541 1640 1585 ὀρέξεις

233 1638 235 1643 ,
259 1635 266 1643 .
287 1635 294 1643 .
316 1635 347 1652 .,
375 1608 544 1653 ἀφῶμεν.

345 1694 575 1743 sapientem
606 1693 829 1742 locupletat
859 1682 947 1742 {psa
979 1691 1147 1730 Natura.

230 1762 370 1798 CICERO
398 1764 442 1796 dc
469 1764 526 1797 fin.
545 1771 570 1796 ιι
590 1764 647 1805 28,
665 1763 713 1797 90
739 1763 839 1804 ‘age'
864 1764 1005 1806 inquies
1031 1762 1116 1795 ‘ista
1142 1774 1250 1806 parua
1276 1769 1367 1796 sunt.
1395 1762 1639 1805 sapientem

230 1854 238 1863 .
258 1853 266 1862 .
294 1835 464 1866 natura,
492 1828 591 1860 cuius
618 1827 762 1860 diuitias
788 1827 965 1871 Epicurus
991 1827 1161 1871 parabilis
1189 1837 1268 1859 esse
1296 1826 1443 1859 docuit’.
1482 1825 1570 1859 ibid.
1588 1825 1633 1858 91

231 1893 414 1926 ‘naturalis
442 1892 586 1924 diuitias
613 1892 702 1924 dixit
727 1891 898 1935 parabilis
926 1902 1016 1930 esse,
1044 1892 1158 1933 quod
1182 1902 1318 1934 paruo
1346 1895 1463 1923 esset
1488 1895 1639 1922 natura

230 1957 468 1990 contenta'.

342 2035 465 2088 χάρις
496 2040 546 2091 τῇ
578 2036 763 2090 μακαρίᾳ
794 2036 942 2086 Φύσει,
985 2035 1050 2077 ὅτι
1088 2036 1142 2078 τὰ
1183 2035 1395 2085 ἀναγκαῖα
1433 2035 1639 2086 ἐποίησεν

230 2108 477 2161 εὐπόριστα,
511 2110 563 2151 τὰ
595 2110 642 2151 δὲ
676 2109 948 2161 δυσπόριστα
979 2109 1057 2150 οὐκ
1089 2108 1313 2158 ἀναγκαῖα.

231 2182 396 2216 [omnies
416 2183 516 2216 Stob.
535 2183 639 2216 floril.
659 2190 745 2215 xvu
764 2183 819 2216 23.
859 2180 1143 2215 Gxomomfflox
1169 2181 1304 2214 codicis
1322 2181 1477 2213 Parisini
1496 2192 1528 2213 n.
1547 2179 1638 2213 llssS

230 2248 253 2280 f.
275 2248 354 2282 129,
404 2246 592 2281 MAXIMVS
619 2248 702 2279 abb.
727 2247 772 2280 48
798 2254 820 2280 t.
842 2255 867 2279 Π
891 2258 925 2289 p.
942 2246 1012 2279 649
1030 2246 1191 2280 Combes.
1241 2247 1442 2280 ANTONIVS
1467 2245 1638 2277 Melissae

229 2320 242 2345 1
271 2313 315 2345 45
342 2323 375 2354 p.
395 2312 457 2345 52:
490 2322 612 2344 omnes
640 2312 794 2344 indicato
823 2316 965 2344 auctore
992 2310 1221 2354 Ἐπικούρου.

354 2432 396 2466 15
424 2434 467 2465 ef.
483 2434 548 2475 Ep.
570 2444 623 2475 ep.
639 2440 681 2464 ΠΙ
703 2433 766 2465 131
788 2445 821 2476 p.
838 2433 894 2469 64,
913 2433 928 2464 l
951 2439 983 2464 et
1004 2433 1043 2465 sr.
1062 2433 1140 2466 181.
1166 2433 1259 2465 idem
1279 2436 1507 2475 praeceptum
1525 2431 1636 2462 fuisse

231 2492 405 2533 Diogenis
420 2492 543 2534 Cynici
562 2496 708 2523 testatur
725 2491 796 2523 Dio
812 2491 937 2534 Chrys.
957 2502 1008 2523 or.
1026 2499 1069 2524 Vl
1088 2491 1129 2524 12
1148 2502 1180 2534 p.
1197 2490 1266 2523 202
1280 2492 1328 2523 R.
1345 2491 1403 2529 al„
1423 2490 1524 2522 etiam
1543 2491 1636 2521 Zeno

231 2551 383 2589 Stoicus,
403 2555 438 2581 ut
461 2551 507 2581 ait
521 2550 684 2582 Philemo
703 2551 738 2582 in
754 2551 928 2582 Meinekii
947 2551 1044 2582 Com.
1067 2561 1117 2590 gr.
1137 2557 1178 2582 lv
1196 2561 1231 2593 p.
1246 2549 1301 2587 29,
1321 2551 1454 2591 πεινῆν
1473 2548 1638 2582 διδάσκει

231 2609 290 2642 καὶ
309 2609 477 2651 μαθητὰς
492 2608 686 2650 λαμβάνει·
705 2608 757 2650 εἷς
776 2610 897 2652 ἄρτος,
914 2610 1013 2651 ὄψον
1034 2608 1148 2651 ἰσχάς,
1164 2609 1323 2642 ἐπιπιεῖν
1340 2607 1445 2651 ὕδωρ
1469 2606 1484 2651 ΙΙ
1513 2606 1552 2639 19
1567 2606 1637 2640 Θά-

231 2676 292 2702 σια
312 2668 334 2701 i.
351 2678 380 2700 e.
400 2667 520 2710 κάρυα
539 2668 584 2700 cs.
602 2669 736 2702 Athen.
757 2677 823 2700 xiv
842 2680 875 2711 p.
892 2668 962 2702 647
978 2673 1062 2701 extr.
1096 2667 1111 2710 ΙΙ
1143 2668 1185 2700 21
1208 2667 1251 2700 cf.
1272 2668 1312 2701 fr.
1333 2667 1400 2700 ‘202
1418 2678 1453 2709 p.
1470 2666 1547 2703 161,
1563 2666 1609 2698 25
1635 2662 1640 2709 Ι

231 2726 277 2759 22
305 2725 387 2770 ista]
413 2727 515 2769 Epic.
545 2734 632 2759 sent.
652 2734 722 2758 ΧΠ
762 2724 767 2769 ᾗ
808 2727 851 2758 23
881 2735 915 2758 et
943 2727 987 2759 24
1015 2732 1105 2759 sent.
1124 2735 1181 2759 XV
1210 2737 1263 2769 ep.
1283 2734 1328 2759 111
1349 2726 1416 2759 130
1433 2737 1465 2768 p.
1482 2725 1539 2766 63,
1556 2724 1598 2756 21
1628 2721 1638 2767 ¹5

230 2786 276 2819 26
305 2785 421 2819 Φύσει
445 2786 659 2829 Bernaysius
686 2786 729 2817 ad
751 2785 931 2828 Theophr.
958 2787 1001 2817 de
1025 2786 1156 2828 pietate
1180 2797 1214 2829 p.
1234 2786 1316 2818 146:
1345 2784 1457 2827 φύσει
1485 2784 1636 2815 edebant

1663 957 1695 980 10

1666 1297 1697 1323 15

1663 1622 1696 1646 ‘20

1663 2325 1695 2350 30
