1842 3250
214 1173 281 1206 143

213 1912 281 1945 144

215 1994 282 2027 145

310 198 377 232 146
754 201 959 233 EPlCVRI
992 202 1270 234 EPISTVLAE

306 322 475 365 φανερὸν
501 322 754 367 προτῖρέῖψας.
790 325 835 358 οὐ
861 324 1021 367 γράφων
1048 314 1138 357 ‘vost
1163 315 1260 368 ἰ’[ὴν
1289 315 1467 369 Λ]Οξώῑ’
1497 327 1557 360 καὶ
1582 325 1618 361 τί
1644 327 1715 371 γὰρ

306 397 381 442 [om
410 398 514 442 ἀλλὰ]
539 400 599 433 καὶ
619 398 815 442 Κιυλώτηι·
851 387 969 443 <[τὰς
997 388 1105 442 τῶ]ν
1132 403 1178 430 τε
1207 389 1350 440 ὅρκων
1378 390 1447 431 καὶ
1473 421 1593 433 .....
1612 397 1715 434 θενο-

305 472 373 503 νας
398 462 457 497 ἐπι
488 476 503 493 -ψ
523 490 529 496 .

775 528 818 560 21
865 527 992 562 ΠΡΟΣ
1017 527 1246 562 ΛΕΟΝΤΙΟΝ

428 606 621 641 LAER'nvs
650 607 758 640 DwG.
786 616 813 639 x
840 608 861 640 ὓ
887 619 991 650 supra
1016 620 1050 651 p.
1073 609 1152 646 140,
1167 609 1200 641 5.
1240 609 1282 643 cf.
1308 620 1341 652 p.
1363 609 1442 648 101,
1461 610 1506 643 30
1521 621 1572 653 sq.

430 688 629 722 ALcu’nno
660 699 714 731 ep.
744 696 771 721 11
798 689 819 720 2
861 688 1089 723 ΛΕΟΝΤΕΟΝ
1120 688 1275 723 ΛΑΜΙΑΙ
1397 689 1457 724 οἷά
1484 701 1527 732 με
1552 689 1717 725 Ἐπίκου-

308 763 372 797 ρος
398 753 512 794 οὗτος
539 754 678 795 διοικεῖ,
714 753 837 786 πάντα
865 754 1059 796 λοιδορῶν,
1098 754 1221 787 πάντα
1249 754 1489 798 ὑποπτεύων,
1517 755 1717 797 ἐπιστολὰς

309 817 531 859 διωλυγίους
566 829 627 859 μοι
659 818 829 861 γράφων,
870 818 1063 852 ἐκδιώκων
1097 818 1136 852 ἐκ
1168 822 1237 852 τοι)
1265 819 1388 862 κήπου
1417 846 1566 854 ......
1609 822 1629 854 3
1656 822 1717 855 καὶ

308 881 552 925 σωκρατίζειν
580 883 640 916 καὶ
666 882 973 923 στωμυλεύεσθαι
1000 882 1098 916 θέλει
1124 884 1185 916 καὶ
1212 882 1487 925 εἰρωνεύεσθαι,
1515 885 1575 918 καὶ
1602 885 1716 919 Ἀλκι-

309 947 440 990 βιάδην
465 947 549 980 τινὰ
567 946 769 980 Πυθοκλέα
796 945 936 987 νομίζει
964 948 1023 979 καὶ
1048 946 1270 990 Ξανθίππην
1297 948 1361 988 ἐμὲ
1388 947 1504 982 οἴεται
1532 947 1716 992 ποιήσειν.

307 1012 368 1045 καὶ
399 1011 517 1053 πέρας
549 1011 746 1045 ἀναστᾶσα
779 1012 855 1055 ὅπῃ
889 1012 984 1045 ποτὲ
1018 1013 1090 1053 γῆν
1116 1011 1189 1054 πρὸ
1215 1015 1283 1053 γῆς
1309 1012 1492 1055 φεύξομαι
1526 1015 1667 1055 μᾶλλον
1693 1014 1715 1057 ἢ

306 1076 373 1117 τὰς
400 1075 599 1116 ἐπιστολὰς
626 1076 744 1109 αὐτοῦ
771 1075 837 1116 τὰς
863 1076 1144 1117 ἀδιαπαύστους
1169 1076 1354 1118 ἀνέξομαι.

418 1156 562 1199 Παιὰν
600 1156 719 1207 ἄναξ,
765 1157 894 1208 φίλον
936 1156 1210 1209 Λεοντάριον,
1256 1157 1351 1200 οἵου
1393 1158 1716 1211 κροτοθορύβου

305 1229 418 1281 ἡμᾶς
450 1230 697 1281 ἐνέπλησας
728 1229 1001 1281 ἀναγνόντας
1032 1240 1116 1272 σου
1147 1231 1197 1271 τὸ
1229 1230 1489 1273 ἐπιστόλιον.

307 1301 500 1336 LAERTIVS
528 1303 637 1336 DIOG.
664 1312 690 1336 x
718 1304 738 1335 5
789 1303 830 1337 ἐν
861 1314 903 1337 τε
934 1306 1016 1344 ταῖς
1049 1303 1264 1345 ἐπιστολαῖς
1299 1302 1538 1348 (Ἐπίκουρος
1563 1304 1716 1347 γράφει)

306 1367 400 1411 πρὸς
427 1368 493 1409 μὲν
523 1367 702 1402 Λεόντιον
726 1366 878 1401 Παιὰν
908 1394 942 1401 ..
964 1394 998 1401 ..
1028 1367 1305 1402 ἐπιστόλιον.

306 1431 561 1466 PLVTARCHVS
589 1433 633 1464 de
660 1437 754 1464 recta
780 1432 918 1463 ratione
949 1432 1117 1464 audiendi
1149 1433 1188 1465 15
1216 1443 1249 1475 p.
1271 1430 1331 1465 45s
1368 1433 1429 1465 καὶ
1453 1431 1526 1475 γὰρ
1550 1431 1717 1467 Ἐπίκου-

307 1507 372 1540 ρος
400 1497 459 1531 ἐπὶ
485 1500 564 1537 τοῖς
590 1498 668 1529 τῶν
701 1495 822 1538 φίλων
858 1495 1084 1537 ἐπιστολίοις
1119 1497 1497 1540 κροτοθορύβους
1522 1495 1715 1538 γίγνεσθαι

307 1562 394 1605 παρ’
423 1562 526 1605 αὐτῷ
562 1561 684 1602 λέγων
721 1560 840 1603 ἀηδής
876 1560 989 1594 ἐστιν.
1045 1561 1089 1593 cf.
1114 1562 1163 1594 id.
1191 1562 1271 1595 adu.
1300 1561 1453 1594 Coloten
1484 1563 1525 1595 17
1553 1572 1587 1603 p.
1609 1561 1719 1593 1117*

306 1625 379 1661 τίνι
405 1625 671 1668 προσείπωμεν
698 1624 806 1666 ἀξίως
834 1625 990 1665 ὀνόματι
1016 1626 1106 1666 τοὺς
1132 1625 1337 1669 ὑμετέρους
1363 1626 1525 1668 βρόμους
1551 1626 1610 1660 καὶ
1634 1624 1717 1660 ὁλο-

307 1692 472 1733 λυγμοὺς
503 1692 564 1725 καὶ
597 1691 978 1734 κροτοθορύβους
1011 1691 1072 1724 καὶ
1099 1690 1270 1732 σεβάσεις
1301 1691 1362 1724 καὶ
1388 1690 1621 1732 ἐπιθειάσεις,
1661 1688 1718 1730 αἷς

307 1756 591 1800 προστρέπεσθε
618 1757 677 1789 καὶ
705 1757 927 1797 καθυμνεῖτε
953 1755 1021 1789 τὸν
1048 1756 1108 1789 ἐπὶ
1136 1756 1276 1798 ἡδονὰς
1309 1758 1602 1799 παρακαλοῦντα
1631 1764 1717 1789 συν-

307 1826 402 1865 εχεῖς
426 1823 487 1857 καὶ
513 1822 673 1863 πυκνάς;

428 1903 682 1937 PHILODEMVS
709 1902 822 1936 schol.
850 1904 983 1935 Zenon.
1009 1902 1098 1935 VH¹
1125 1911 1160 1941 V,
1180 1902 1200 1934 2
1228 1903 1269 1935 fr.
1289 1910 1351 1935 lx:
1393 1904 1432 1935 fr.
1457 1903 1534 1935 140.

844 1985 864 1997 ,-

427 1985 622 2019 LAEn'rlvs
651 1984 762 2019 DJOG.
790 1993 815 2018 x
851 1995 861 2017 ι
904 1984 965 2019 καὶ
992 1984 1064 2026 μὴν
1095 1986 1155 2018 καὶ
1180 1984 1416 2029 Τιμοκράτης
1442 2012 1448 2018 .
1471 2012 1476 2018 .
1499 2012 1505 2018 .
1532 1985 1626 2027 φησὶ
1653 2011 1688 2018 ..
1710 2011 1716 2018 .
1741 2002 1757 2018 0

307 2052 375 2085 τὸν
391 2050 611 2093 Ἐπίκουρον
631 2078 637 2084 .
659 2077 665 2084 .
687 2077 694 2084 .
713 2050 759 2084 τό
777 2061 819 2084 τε
837 2051 946 2091 σῶμα
966 2050 1136 2090 ἐλεεινῶς
1156 2049 1362 2084 διακεῖσθαι
1380 2050 1431 2090 ὡς
1450 2051 1602 2084 πολλῶν
1621 2049 1718 2083 ἐτῶν

406 2205 422 2237 1
451 2203 682 2248 προτρέψαςξ
701 2213 823 2246 προτ.
842 2213 928 2236 .και
947 2213 1070 2245 apogr.
1109 2203 1114 2243 Ι
1153 2203 1174 2235 2
1201 2203 1237 2234 in
1265 2202 1400 2234 ultimis
1424 2202 1552 2234 litteris
1575 2213 1597 2235 ν
1622 2203 1717 2245 prior

307 2269 439 2307 puncto
473 2274 580 2306 supra
611 2263 731 2305 posito
765 2261 917 2299 deletur,
957 2272 1062 2303 supra
1095 2260 1240 2293 alteram
1272 2266 1358 2292 nota
1382 2261 1610 2303 conspicitur,
1650 2272 1719 2303 qua

308 2322 593 2354 emendationem
626 2323 661 2353 in
693 2321 849 2362 margine
882 2321 1008 2352 saetam
1041 2319 1190 2351 indicari
1217 2319 1451 2362 Gompcrzius
1483 2319 1718 2362 probabiliter

309 2386 439 2413 censet.
466 2379 634 2412 hariolari
660 2380 780 2422 poszis
807 2378 886 2422 [τὰς
914 2377 985 2422 διῖά
1011 2388 1052 2412 τε
1080 2378 1204 2421 ὅρκων
1231 2378 1290 2411 καὶ
1316 2376 1473 2421 [δεξιῶν]
1495 2376 1684 2419 συνθήκας
1708 2374 1719 2419 Η

307 2439 329 2473 8
356 2437 578 2479 διωλυγίους
608 2438 784 2470 Cobetus:
825 2437 1049 2477 ἀδιαλύτους
1075 2437 1156 2469 libri
1192 2436 1453 2477 ἀδιαλείπτους
1479 2436 1683 2468 Meinekius
1716 2434 1720 2478 Ι

310 2498 354 2530 10
381 2498 424 2530 cf.
452 2497 492 2530 fr.
517 2497 579 2530 161
600 2509 651 2539 sq.
693 2496 708 2539 ll
753 2498 796 2529 14
822 2496 1032 2539 ἐνέπλησας
1060 2496 1204 2528 suidas:
1246 2495 1427 2538 ἐνέπλησε
1454 2496 1483 2526 Β
1512 2494 1717 2536 ἐνέπλησεν

308 2557 415 2589 ceteri
451 2556 456 2598 1
492 2556 695 2597 ἀναγνόντι
724 2564 781 2589 σοι
810 2556 888 2587 FB²
917 2560 951 2587 et
978 2556 1106 2587 Suidas
1161 2555 1175 2596 Η
1233 2555 1274 2587 19
1301 2553 1388 2597 παρ’
1416 2554 1544 2587 αὐτῶν
1570 2553 1680 2594 uolgo
1715 2552 1719 2589 l

307 2615 354 2648 20
381 2614 543 2658 βρόμους
570 2620 603 2647 et
631 2615 766 2657 reliqua
799 2615 909 2647 uerba
941 2619 1022 2646 sunt
1044 2614 1299 2657 Epicureorum
1325 2613 1518 2655 Epicurum
1550 2623 1718 2644 ueneran-

306 2674 395 2705 tium
451 2673 456 2716 Ι
512 2674 558 2707 22
586 2674 845 2717 προτρέπεσθε
870 2674 954 2706 libri
1007 2674 1023 2716 11
1078 2674 1124 2707 26
1150 2675 1194 2706 cf.
1222 2673 1397 2705 Aelianus
1424 2673 1466 2706 sr.
1491 2672 1536 2705 39
1562 2672 1612 2715 (p.
1635 2672 1717 2710 200,

310 2732 450 2766 18—26
477 2732 627 2777 Herch.)
655 2734 786 2765 Suidae
814 2739 838 2767 t.
858 2741 871 2766 Ι
891 2734 911 2765 2
938 2744 972 2776 p.
991 2733 1060 2766 417
1078 2744 1129 2777 sq.
1157 2732 1285 2766 Bernh.

1744 966 1774 988 10

1744 1320 1775 1345 15

1741 1641 1774 1666 20
