1846 3288
104 945 138 970 1⁰

106 1283 136 1309 15

104 1620 137 1645 20

104 2303 138 2329 30

1527 202 1574 237 87

279 322 380 353 Idem
400 321 575 364 prooemii
596 319 638 353 16
665 320 785 354 πολλὰ
805 320 845 354 δέ
872 320 1104 363 (συνέγραψε
1125 318 1258 363 βιβλία)
1278 318 1427 361 Ζήνων,
1456 317 1573 352 πλείω

159 383 410 427 Ξενοκράτης,
449 381 567 418 πλείω
593 382 842 426 Δημόκριτος,
885 381 1003 417 πλείω
1027 382 1299 426 Ἀριστοτέλης,
1335 381 1452 417 πλείω
1480 382 1574 417 Ἐπί-

160 459 307 492 κουρος,
333 447 451 483 πλείω
478 446 705 491 Χρύσιππος.

282 531 383 562 Idem
410 537 466 563 vu
493 529 556 562 181
592 530 652 563 καὶ
679 529 964 572 Ἀπολλόδωρος
991 528 1023 563 δ’
1050 529 1070 563 ὁ
1097 528 1293 572 Ἀθηναῖος
1319 529 1359 563 ἐν
1386 532 1432 572 τῇ
1458 529 1575 563 Συνα-

159 597 266 640 γωγῇ
299 596 378 629 τῶν
411 593 612 636 δογμάτων
646 594 874 636 βουλόμενος
907 594 1151 637 παριστάνειν
1185 594 1243 628 ὅτι
1275 595 1322 628 τὰ
1354 594 1575 637 Ἐπικούρου

160 658 278 704 οἰκείᾳ
306 659 462 701 δυνάμει
486 658 725 702 γεγραμμένα
753 659 812 692 καὶ
839 658 1060 701 ἀπαράθετα
1086 659 1178 694 ὄντα
1205 658 1325 703 μυρίῳ
1351 658 1468 693 πλείω
1496 659 1575 694 ἐστὶ

159 727 239 759 τῶν
271 722 492 768 Χρυσίππου
530 722 690 766 βιβλίων,
728 723 844 765 φησὶν
880 724 1003 764 οὕτως
1035 723 1131 767 αὐτῇ
1165 724 1278 758 λέξει·
1329 723 1381 758 *εἰ
1412 723 1484 766 γάρ
1519 734 1575 765 τις

160 788 296 832 ἀφέλοι
320 790 399 823 τῶν
426 787 647 831 Χρυσίππου
675 786 823 830 βιβλίων
851 787 923 821 ὅσα
949 786 1126 830 ἀλλότρια
1153 788 1431 831 παρατέθειται,
1468 788 1576 829 κενὸς

160 853 265 898 αὐτῷ
289 852 310 887 ὁ
336 852 476 895 χάρτης
502 850 836 894 καταλελείψεται’.

282 932 422 967 Svas
447 944 482 966 u.
508 931 740 976 Ἐπίκουροςε
767 933 1042 977 συγγράμματα
1069 934 1101 967 δ’
1127 935 1247 968 αὐτοῦ
1274 935 1443 968 πλεῖστα.

279 1016 482 1049 ARRIANVS
507 1016 662 1059 Epictet.
690 1016 830 1049 dissert.
857 1023 870 1048 1
898 1015 955 1054 20,
984 1017 1026 1050 19
1065 1015 1100 1049 τί
1127 1016 1166 1049 δέ
1195 1017 1254 1050 καὶ
1280 1016 1419 1058 λύχνον
1446 1015 1576 1057 ἅπτεις

161 1079 387 1123 (Ἐπίκουρε)
420 1080 480 1114 καὶ
508 1083 636 1121 πονεῖς
667 1080 763 1124 ὑπὲρ
795 1081 903 1123 ἡμῶν
931 1081 991 1114 καὶ
1017 1082 1225 1124 τηλικαῦτα
1256 1079 1375 1123 βιβλία
1401 1079 1575 1123 γράφεις;

159 1144 254 1177 idem
280 1152 312 1177 11
337 1144 396 1184 20,
422 1145 444 1180 9
482 1145 678 1188 ἄνθρωπε,
714 1144 750 1179 τί
784 1146 880 1189 ὑπὲρ
913 1146 1020 1188 ἡμῶν
1055 1145 1285 1188 φροντίζεις
1329 1143 1365 1178 τί
1398 1145 1443 1179 δι’
1479 1145 1576 1187 ἡμᾶς

161 1208 380 1253 ἀγρυπνεῖςς
407 1208 443 1244 τί
468 1210 607 1252 λύχνον
633 1209 778 1251 ἅπτεις;
805 1209 841 1245 τί
868 1209 1134 1250 ἑπανίστασαι;
1161 1210 1197 1244 τί
1222 1212 1430 1253 τηλικαῦτα
1458 1209 1576 1252 βιβλία

161 1273 409 1317 συγγράφεις;
448 1274 498 1317 μή
530 1285 586 1316 τις
616 1275 725 1318 ἡμῶν
759 1276 975 1319 ἐξαπατηθῇ
1006 1276 1090 1318 περὶ
1120 1277 1218 1309 θεῶν
1254 1275 1304 1316 ὡς
1334 1275 1576 1317 ἐπιμελουμέ-

160 1349 238 1373 νων
268 1338 483 1383 ἀνθρώπων
516 1340 539 1382 ἢ
573 1339 623 1383 μή
658 1350 713 1380 τις
746 1341 862 1382 ἄλλην
895 1339 1027 1374 οὐσίαν
1061 1340 1233 1383 ὑπολάβῃ
1269 1342 1339 1374 τοῦ
1373 1339 1519 1381 ἀγαθοῦ
1552 1340 1575 1382 ἢ

159 1403 324 1447 ἡδονήν;
352 1403 383 1438 εἰ
408 1404 481 1448 γὰρ
506 1404 609 1439 οὕτω
633 1408 755 1439 ταῦτα
782 1405 868 1447 ἔχει,
897 1405 1021 1447 βαλὼν
1050 1404 1209 1438 κάθευδε
1238 1406 1315 1439 κτλ.

280 1484 433 1520 SENECA
459 1487 561 1529 epist.
587 1486 646 1524 46,
676 1487 691 1520 l
721 1486 886 1520 ‘Librum
913 1492 1010 1518 tuum
1037 1497 1141 1529 quem
1167 1487 1255 1518 mihi
1281 1486 1496 1529 promiseras
1524 1497 1578 1518 ac-

160 1552 239 1595 cepi
266 1577 369 1585 .....
396 1552 458 1595 qui
487 1562 592 1595 quam
620 1552 773 1585 disertus
804 1553 920 1590 fuerit,
955 1562 996 1584 ex
1025 1552 1093 1584 hoc
1120 1552 1309 1593 intellegas
1339 1551 1442 1584 licet:
1482 1551 1576 1582 leuis

159 1616 246 1648 mihi
272 1617 370 1649 uisus
397 1622 460 1655 est,
495 1628 572 1649 cum
600 1623 695 1650 esset
726 1628 791 1649 nec
817 1617 887 1649 mei
913 1628 978 1649 nec
1007 1618 1057 1648 tui
1090 1617 1251 1659 corporis
1286 1617 1349 1648 sed
1376 1617 1437 1659 qui
1463 1616 1577 1659 primo

162 1688 306 1725 aspectu
331 1686 390 1713 aut
415 1682 486 1714 Titi
512 1682 593 1714 Liui
620 1688 679 1714 aut
704 1683 849 1725 Epicuri
876 1688 1001 1725 posset
1026 1682 1153 1714 uideri.
1193 1686 1289 1714 tanta
1315 1686 1432 1713 autem
1459 1681 1580 1713 dulce-

160 1746 242 1779 dine
268 1757 323 1779 me
352 1747 466 1779 tenuit
493 1752 527 1779 et
552 1747 660 1779 traxit
683 1751 722 1779 ut
747 1747 850 1779 illum
878 1747 954 1779 sine
981 1747 1055 1779 ulla
1080 1747 1255 1779 dilatione
1281 1745 1527 1790 perlegerim⁷.

280 1826 535 1862 PLVTARGHVS
568 1829 613 1861 de
644 1829 785 1861 occulte
817 1830 975 1862 uiuendo
1002 1830 1023 1862 3
1049 1841 1082 1873 p.
1106 1829 1215 1862 112912
1265 1828 1358 1871 μηδὲ
1392 1828 1579 1869 διάπεμπε

161 1890 308 1934 βίβλους
333 1894 425 1927 πᾶσι
452 1894 513 1927 καὶ
539 1893 676 1935 πάσαις
701 1894 1004 1936 ἐπιδεικνύμενος
1029 1894 1100 1936 τὴν
1128 1892 1269 1936 σοφίαν
1299 1921 1306 1927 .
1324 1920 1330 1927 .
1348 1921 1355 1927 .
1375 1921 1381 1927 .
1410 1892 1446 1927 τί
1471 1893 1511 1927 δέ
1539 1891 1577 1926 αἱ

103 1966 119 1990 2
160 1959 344 1991 τοσαῦται
380 1957 556 2001 μυριάδες
590 1957 729 2001 στίχων
765 1959 825 1992 ἐπὶ
857 1958 1137 2001 Μητρόδωρον,
1179 1958 1239 1992 ἐπὶ
1273 1957 1576 2000 Ἀριστόβουλον,

163 2021 223 2056 ἐπὶ
259 2020 492 2065 Χαιρέδημον
529 2023 767 2067 γραφόμεναι
802 2024 862 2058 καὶ
896 2023 1196 2065 συνταττόμεναι
1235 2023 1472 2065 φιλοπόνως;
1511 2021 1575 2056 ἵνα

162 2086 247 2129 μηδ’
272 2086 531 2128 ἀποθανόντες
563 2087 747 2127 λάθωσιν;
792 2086 861 2132 <ἢ>
893 2087 941 2122 ἵν’
969 2086 1180 2130 ἀμνηστίαν
1212 2088 1424 2129 νομοθετῇς
1458 2086 1574 2130 ἀρετῇ

160 2151 221 2184 καὶ
247 2150 430 2195 ἀπραξίαν
455 2151 569 2196 τέχνῃ
596 2153 656 2186 καί
683 2152 831 2194 σιωπὴν
859 2151 1068 2196 φιλοσοφίᾳ
1096 2153 1156 2186 καὶ
1184 2151 1304 2195 λήθην
1331 2151 1534 2196 εὐπραγίᾳ;

282 2230 423 2266 CICERO
450 2234 556 2266 Tusc.
583 2234 675 2277 disp.
702 2242 732 2267 11
761 2235 793 2272 3,
820 2234 842 2267 S
880 2234 1090 2266 ‘Platonem
1117 2235 1349 2277 reliquosque
1375 2234 1579 2266 Socraticos

162 2301 197 2328 et
223 2296 393 2341 deinceps
420 2308 482 2330 eos
509 2298 569 2341 qui
604 2299 647 2330 ab
678 2299 734 2330 his
760 2299 911 2342 profecti
941 2303 1022 2330 sunt
1048 2298 1172 2339 legunt
1208 2309 1342 2336 omnes,
1384 2299 1488 2330 etiam
1516 2298 1578 2341 qui

160 2360 225 2393 illa
257 2366 316 2393 aut
347 2372 420 2394 non
458 2363 657 2406 adprobant
690 2369 748 2396 aut
782 2374 854 2395 non
889 2364 1152 2395 studiosissime
1189 2368 1451 2401 consectantur,
1493 2363 1578 2405 Epi-

161 2435 281 2458 curum
316 2430 432 2459 autem
465 2433 500 2461 et
531 2429 778 2461 Metrodorum
812 2439 884 2460 non
918 2429 991 2461 fere
1027 2433 1168 2471 praeter
1201 2439 1285 2460 suos
1320 2429 1507 2471 quisquam
1540 2428 1578 2460 in

160 2500 284 2523 manus
310 2491 442 2526 sumit'.

280 2621 302 2653 2
328 2622 539 2666 ξενοφάνης
562 2623 663 2657 libri:
692 2635 782 2656 corr.
801 2624 1028 2657 Ritschelius
1056 2634 1178 2666 opusc.
1203 2631 1217 2656 Ι
1235 2635 1269 2666 p.
1289 2623 1354 2657 185
1389 2623 1404 2667 ΙΙ
1439 2624 1483 2657 21
1511 2624 1576 2665 igi-

160 2684 216 2712 tur
242 2680 358 2723 ampla
384 2692 423 2714 ac
449 2683 607 2725 spatiosa
632 2683 779 2726 Epicuri
811 2683 996 2715 uolumina
1030 2683 1125 2714 haud
1162 2692 1265 2714 secus
1293 2693 1397 2724 quam
1424 2682 1577 2715 Liuiana

160 2737 198 2770 in
223 2739 452 2782 prouerbium
478 2741 648 2776 abierant.
682 2743 727 2776 cf.
747 2742 819 2776 Cic.
839 2742 883 2775 de
902 2741 959 2774 fin.
979 2749 1008 2774 11
1026 2741 1083 2780 21,
1099 2741 1144 2775 68
1171 2741 1296 2774 ‘tantis
1313 2741 1577 2774 uoluminibus'
