1842 3250
592 189 842 237 Ἐπικούρειοι
870 211 912 217 --
939 191 1157 236 Ἐπίκουρος

337 307 513 351 συνήθεις
546 306 716 349 κυάμους
749 307 844 350 πρὸς

337 355 496 400 ἀριθμὸν
514 354 592 397 μετ’
617 356 749 389 αὐτῶν
767 353 843 389 δια-

337 404 545 446 νεμόμενον
578 403 673 436 Plut.
712 414 746 436 u.
773 404 841 436 De-

335 451 450 484 metrii
475 450 521 484 34

241 497 312 533 270
337 499 384 533 ol.
400 497 480 537 127,
495 497 517 532 2
533 498 592 532 ἐπὶ
608 497 843 541 Πυθαράτου

335 546 487 590 peractis
506 546 607 578 annis
626 554 738 580 Lxxn
752 556 844 577 mor-

337 599 416 627 tuus
435 598 490 626 est
515 593 598 637 367,
615 596 632 627 1
664 595 723 638 (de
742 593 843 626 annis

338 641 460 675 aetatis
493 640 536 675 cs.
569 641 665 676 Plut.
699 654 733 676 u.
762 641 843 684 Μη-

336 688 548 732 τρόδωρος)
574 690 618 723 cs.
648 688 729 730 373,
752 687 795 722 16

170 737 214 769 de
248 735 479 779 epistularum
507 738 726 779 temporibus
762 737 843 769 uide

167 795 203 828 p.
230 782 299 817 132
321 795 373 828 sq.
423 785 479 817 De
508 784 632 827 puerili
661 791 695 818 et
721 784 842 817 adule-

169 835 289 864 scente
320 836 434 865 aetate
466 832 563 864 Sami
590 834 655 864 Tei
687 832 842 864 Athenis

169 883 246 911 acta
263 879 308 913 cs.
322 880 448 912 Strabo
461 888 531 913 xxv
551 890 584 923 p.
599 880 668 913 (538
687 880 734 917 (u.
753 880 843 913 Νεο-

169 927 285 969 κλῆς).
336 928 478 961 Fratres
509 928 664 960 Neocles
691 928 842 961 Chaere-

169 974 294 1006 demns
341 975 569 1008 An'stobulus
615 974 712 1018 (373,
738 975 760 1009 9
800 975 841 1008 cs.

169 1022 342 1054 Aelianus
368 1023 459 1055 infra
488 1034 522 1057 u.
551 1023 733 1066 Νεοκλῆς)
770 1022 843 1055 eius

170 1069 380 1112 disciplinae
409 1081 445 1103 se
474 1071 683 1103 addixerunt
710 1071 792 1110 300,
820 1071 843 1104 8

170 1117 298 1160 quibus
328 1122 363 1150 et
386 1118 477 1150 uiuis
495 1117 592 1162 (364,
614 1118 674 1161 10)
697 1124 733 1150 et
750 1129 841 1150 mor-

171 1164 241 1197 tuis
264 1175 420 1198 amorem
449 1166 602 1198 seruauit
622 1165 680 1208 93,
699 1165 731 1199 5.
762 1164 841 1203 166,

170 1212 212 1246 11
242 1213 285 1246 cf.
313 1213 357 1245 de
373 1213 515 1246 Neocle
541 1214 564 1248 f.
593 1212 672 1248 186.
712 1213 843 1246 Itinera

168 1261 306 1292 Asiana
333 1261 386 1293 bis
415 1266 474 1294 ant
499 1267 554 1293 ter
576 1261 732 1293 Athenis
759 1261 843 1293 fecit

169 1306 251 1346 364.
276 1308 316 1342 17
345 1309 533 1342 comitibus
552 1308 726 1352 Pythocle
751 1310 843 1340 Her-

168 1356 312 1388 marcho
332 1357 500 1401 Ctesippo
521 1357 755 1400 Lampsacum
782 1366 841 1387 ueh

168 1403 219 1435 nit
233 1403 259 1437 s.
276 1402 344 1438 176
371 1414 414 1436 eo
435 1403 604 1446 nauigans
627 1415 737 1447 paene
756 1414 840 1436 nau-

166 1451 316 1492 fragium
349 1452 431 1484 secit
456 1452 478 1485 f.
507 1451 576 1486 189
605 1451 647 1485 cf.
680 1463 713 1485 u.
747 1451 839 1492 Μῦς,

166 1499 295 1531 Victus
327 1509 453 1543 parcus
490 1500 677 1542 tenuisque
709 1499 731 1532 f.
762 1498 840 1533 158.

170 1544 234 1580 181
253 1557 304 1590 sq.
319 1547 486 1580 mentitur
497 1548 718 1580 Timocrates
733 1547 755 1580 f.
774 1545 842 1580 145

167 1605 201 1637 p.
227 1592 303 1633 147,
329 1594 342 1627 1
371 1594 468 1636 (362,
488 1595 561 1637 11).
595 1595 646 1627 rei
662 1594 842 1627 familiaris

168 1651 251 1674 cura
288 1641 310 1675 f.
337 1641 408 1676 ‘216
443 1642 543 1675 amici
580 1653 661 1675 aere
701 1642 842 1674 conlato

168 1699 286 1722 annuo
312 1689 427 1733 ipsum
462 1695 496 1722 et
521 1690 679 1722 scholam
707 1695 842 1722 susten-

167 1738 291 1770 tabant
316 1738 397 1771 adn.
429 1737 509 1780 141,
527 1737 550 1772 9
578 1737 637 1780 (cf.
657 1748 690 1771 u.
706 1737 841 1779 Ἰδομε-

166 1784 269 1827 νεὺς)
297 1785 399 1817 etiam
422 1786 634 1818 frumentum
653 1790 689 1817 et
708 1785 778 1818 alin.
797 1785 842 1817 ad

168 1832 299 1865 nictum
315 1834 503 1866 mittebant
516 1833 539 1867 f.
560 1832 629 1867 182
645 1845 696 1876 sq.
725 1834 842 1866 Leon-

169 1880 216 1913 tio
257 1891 337 1913 eum
371 1881 519 1913 abusum
555 1881 746 1914 aduersarii
778 1886 843 1912 tra-

168 1928 303 1960 debant
329 1928 410 1974 360,
427 1928 473 1962 ‘22
500 1939 579 1960 cum
598 1929 671 1961 aliis
688 1928 844 1961 meretri·

169 1975 269 2008 cibus
312 1977 606 2009 consuetudinem
650 1977 842 2019 exprobra·

168 2028 249 2056 runt
267 2022 348 2062 362,
368 2023 413 2058 13
431 2023 474 2058 ef.
493 2023 576 2066 360,
597 2024 641 2058 13
665 2024 842 2067 Alciphro

170 2078 195 2104 u
216 2070 248 2105 1.
284 2071 475 2115 Discipulis
502 2072 598 2105 omni
623 2073 733 2104 modo
760 2082 841 2115 pro-

168 2118 274 2162 spicit
309 2118 334 2153 f.
362 2119 431 2153 197
474 2120 605 2152 amicos
646 2120 842 2161 indigentes

167 2167 245 2210 ipse
263 2170 437 2199 sustentat
454 2166 537 2209 347,
554 2166 588 2201 2.
617 2167 690 2200 eius
707 2175 842 2199 morum

169 2214 350 2247 sinceritas
376 2214 458 2256 364,
478 2216 496 2249 1
512 2225 589 2258 sqq.
633 2215 783 2247 Morbos
811 2214 842 2246 ei

168 2261 384 2294 Timocrates
399 2263 589 2306 exprobrat
604 2261 737 2304 146‚26
746 2261 830 2304 (362

169 2308 207 2351 9)
232 2309 399 2342 refutatus
424 2321 443 2342 a
466 2311 675 2343 Metrodoro
700 2308 842 2348 368315

169 2356 212 2391 cs.
226 2357 398 2390 Aelianus
416 2357 456 2391 fr.
474 2357 521 2392 39
536 2358 670 2392 Hei-ch.
696 2358 842 2399 (Suidae

167 2415 202 2438 u.
226 2403 456 2448 Ἐπίκουρος)
482 2406 503 2439 ὅ
529 2415 573 2446 γε
600 2406 675 2448 μὴν
689 2404 766 2440 Ἐπ.
787 2405 842 2439 ἔτι

169 2451 254 2494 νέος
285 2452 342 2487 ὢν
374 2453 490 2494 αὐτὸς
521 2453 567 2487 οὐ
599 2452 741 2497 ῥᾳδίως
766 2452 841 2487 ἀπὸ

169 2501 238 2541 τῆς
263 2499 391 2543 κλίνης
415 2499 496 2542 οἷός
521 2511 564 2535 τε
590 2500 637 2543 ἦν
663 2501 841 2543 κατιέναι,

170 2547 428 2590 ἀμβλυώττων
465 2559 507 2583 τε
547 2549 612 2582 xcii*
641 2548 735 2592 πρὸς
770 2547 841 2590 τὴν

168 2597 239 2629 τοῦ
265 2594 373 2638 ἡλίου
400 2595 534 2640 αἴγλην
565 2596 686 2637 δειλὸς
712 2595 766 2629 ὤν
785 2622 791 2629 .
809 2623 840 2630 ..

171 2643 230 2677 καί
269 2643 398 2686 μέντοι
428 2646 488 2678 καὶ
524 2644 595 2686 τὴν
621 2647 691 2678 τοῦ
723 2644 842 2687 πυρὸς

171 2690 292 2734 αὐγὴν
329 2691 611 2736 ἀπεστρέφετο,
668 2691 758 2734 αἷμά
800 2702 841 2726 τε

171 2738 278 2782 αὐτῷ
293 2738 355 2774 διὰ
370 2741 450 2774 τῶν
468 2739 600 2783 πόρων
618 2738 841 2783 ἀπεκρίνετο

1511 190 1585 227 405

915 309 996 342 τῶν
1027 306 1142 342 κάτω.
1186 307 1356 350 τοσαύτη
1388 307 1432 341 δέ
1463 306 1535 350 ἄρα
1561 306 1585 349 ἡ

915 356 1089 398 σύντηξις
1113 355 1136 397 ἡ
1156 358 1226 389 τοῦ
1249 356 1428 397 σώματος
1453 355 1501 397 ῆν
1522 355 1586 389 αὐ-

913 406 968 447 τῷ
997 404 1049 444 ὡς
1080 402 1282 437 ἀδυνατεῖν
1312 404 1373 437 καὶ
1407 402 1479 445 τὴν
1506 404 1586 436 τῶν

914 450 1072 493 ἱματίων
1109 450 1241 494 φέρειν
1277 449 1466 493 ἐπιβολήν.
1522 450 1586 493 hy-

915 499 1027 541 drope
1053 497 1229 530 laborauit
1257 498 1337 540 158,
1369 497 1413 531 21
1449 503 1586 541 postre-

913 557 1007 579 mum
1031 545 1150 578 urinae
1175 546 1384 578 diffioultate
1407 550 1442 577 et
1467 545 1586 577 tormi-

914 595 1018 626 nibus
1046 592 1126 636 139,
1155 593 1186 627 7.
1222 593 1302 635 143,
1329 592 1384 627 17.
1422 591 1501 635 154,
1528 592 1585 627 523.

914 641 1066 674 moriens
1093 641 1230 683 scripsit
1255 641 1300 673 ad
1330 639 1586 673 Hermarchum

914 689 935 722 f.
965 688 1034 723 129
1072 689 1304 720 Idomeneum
1339 688 1361 722 f.
1391 688 1460 721 138
1498 687 1587 720 alios

912 737 935 770 f.
965 736 1033 770 177
1060 736 1103 769 cf.
1130 736 1210 769 adn.
1239 735 1319 775 139,
1339 734 1372 769 5.
1405 736 1450 768 de
1474 740 1587 768 morte

913 783 995 821 366,
1017 783 1195 826 20-367,
1216 782 1271 817 14.
1323 784 1587 816 Testamentum

913 832 936 865 s.
953 831 1034 865 217.
1074 831 1167 863 diem
1187 831 1360 863 decimum
1381 831 1586 871 gamelionis

914 889 958 912 m.
984 883 1022 911 ut
1041 878 1239 911 natalicium
1258 879 1346 920 (τὴν
1370 878 1585 921 εἰθισμένην

915 927 1070 968 ἄγεσθαι
1103 926 1298 967 γενέθλιον
1337 925 1499 970 ἡμέραν;
1544 937 1588 958 an

914 975 980 1017 Ep.
1001 974 1058 1006 die
1076 981 1132 1007 vn
1158 979 1258 1006 natus
1285 974 1381 1016 quod
1407 975 1441 1007 d.
1460 984 1486 1008 x
1514 985 1587 1006 sus-

915 1027 1035 1064 ceptus
1060 1026 1157 1061 erat,.
1172 1021 1266 1054 hunc
1285 1022 1402 1064 potius
1421 1022 1513 1054 diem
1532 1032 1587 1053 ce-

913 1068 1111 1112 lebrabatP)
1149 1075 1184 1102 et
1217 1069 1447 1101 uicensimum
1475 1070 1586 1101 cuius-

913 1128 982 1160 que
1015 1118 1146 1150 mensis
1183 1117 1219 1149 in
1250 1117 1450 1150 memoriam
1489 1128 1587 1148 suam

914 1164 1087 1197 celebrari
1105 1165 1205 1197 iubet
1225 1163 1302 1202 166,
1319 1164 1351 1198 6.
1387 1165 1432 1196 de
1451 1165 1589 1207 sapien-

913 1213 961 1245 tia
979 1222 1042 1244 sua
1069 1223 1140 1254 quo
1166 1212 1273 1244 modo
1299 1213 1448 1244 senserit
1466 1213 1489 1246 f.
1510 1211 1586 1246 146.
1616 1206 1618 1210 ’

915 1259 994 1294 180.
1025 1259 1091 1294 187
1114 1270 1166 1302 sq.
1210 1259 1376 1303 discipuli
1407 1264 1443 1292 et
1475 1265 1588 1293 secta—

913 1313 1010 1340 tores
1023 1318 1102 1340 eum
1120 1312 1308 1350 praeeunte
1318 1307 1447 1339 Colote
1457 1306 1492 1350 (f.
1503 1306 1587 1351 141)

914 1361 1090 1398 tamquam
1117 1355 1221 1387 deum
1253 1355 1404 1397 (Solem)
1431 1355 1588 1388 uenerati

915 1409 995 1435 sunt
1031 1403 1111 1436 adn.
1148 1401 1227 1445 145,
1256 1402 1280 1436 4
1314 1407 1350 1434 et
1383 1414 1417 1445 p.
1444 1401 1525 1441 346,
1554 1402 1586 1437 9.

916 1450 995 1488 146,
1019 1450 1061 1485 21
1102 1451 1249 1493 eiusque
1281 1451 1484 1493 sapientiam
1512 1461 1586 1482 om-

912 1499 1015 1531 m'bus
1065 1498 1309 1541 praetulerunt
1359 1498 1402 1531 cf.
1442 1497 1587 1531 Philod.

915 1543 1005 1578 VH2
1031 1553 1057 1578 11
1087 1545 1156 1579 192
1183 1546 1245 1579 καί
1272 1543 1589 1589 χ[ρ]ηστότ[ητ](.ι

912 1594 985 1635 τὴν
1029 1592 1270 1636 Φωκί[ωνο]ς
1309 1592 1386 1637 κα[ὶ
1429 1592 1588 1636 σοφί]αν

913 1642 983 1682 τὴν
1007 1637 1262 1685 Ἐπι[κ]ούρου
1291 1642 1351 1675 καὶ
1385 1641 1588 1683 πολιτικὴμ

913 1689 981 1730 μέν
1005 1689 1078 1731 τήν
1097 1687 1336 1731 Περικλέους,
1365 1688 1587 1732 Ζωγραφίαν

914 1737 954 1771 δὲ
981 1737 1051 1778 τὴν
1068 1735 1291 1777 Ἀπελλέους
1318 1737 1379 1770 καὶ
1405 1738 1491 1779 περὶ
1508 1739 1589 1770 τῶν

913 1782 1054 1829 ἄλλω[ν
1072 1783 1227 1827 ὁμοίως]
1243 1784 1421 1816 Lucianus
1436 1784 1588 1816 Alexan-

915 1832 970 1865 dri
995 1843 1023 1866 c.
1050 1831 1106 1866 25.
1134 1832 1178 1866 61
1207 1832 1299 1866 Plin.
1327 1843 1361 1866 n.
1379 1832 1414 1866 h.
1441 1841 1548 1865 xxxv
1566 1831 1589 1865 5

915 1881 1116 1924 ‘Epicurios
1157 1879 1278 1912 uoltus
1322 1890 1384 1923 per
1427 1880 1590 1912 cubicula

915 1933 1052 1969 gestant
1090 1936 1131 1960 ac
1169 1927 1418 1960 circumferunt
1458 1938 1588 1966 secum,

914 1976 1021 2009 natali
1059 1976 1132 2008 eius
1172 1975 1370 2007 sacrificant
1413 1976 1588 2017 feriasque

914 2023 1008 2056 omni
1035 2032 1156 2056 mense
1183 2023 1386 2055 custodiunt
1419 2023 1590 2055 uicesima

912 2072 996 2104 luna
1013 2081 1100 2114 quas
1119 2071 1235 2103 icadas
1254 2075 1396 2110 uocant,
1422 2070 1458 2103 hi
1481 2070 1588 2103 maxi-

913 2129 970 2152 me
995 2118 1054 2162 qui
1082 2116 1140 2163 [cf.
1155 2119 1179 2152 s.
1196 2117 1280 2161 551]
1308 2128 1345 2150 se
1363 2129 1406 2151 ne
1425 2118 1588 2151 uiuentes

914 2167 1055 2210 quidem
1081 2166 1180 2198 nosci
1205 2165 1347 2198 uolunt‘
1374 2166 1418 2199 cs.
1446 2166 1588 2200 Philod.

914 2226 947 2249 u.
969 2213 1200 2255 Πολύαινοςῑ
1226 2213 1500 2257 ‘philosophum
1525 2225 1589 2245 no-

913 2261 1038 2296 bilem’
1066 2261 1249 2304 praedicat
1265 2261 1390 2294 Cicero
1409 2261 1589 2294 academi-

914 2320 974 2342 cus
1003 2309 1086 2351 316,
1105 2308 1130 2343 4
1163 2313 1203 2341 ut
1228 2309 1402 2352 ‘porcum'
1434 2314 1589 2342 contem-

913 2362 1059 2400 pserunt
1074 2356 1185 2390 Stoici
1211 2361 1246 2389 et
1270 2361 1386 2400 patres
1415 2356 1588 2389 ecclesiae

914 2404 994 2444 ⁵227,
1017 2404 1062 2438 13
1089 2405 1170 2438 adn.
1190 2403 1271 2443 ⁶274,
1289 2403 1336 2439 ‘23
1360 2404 1404 2438 cs.
1422 2403 1586 2437 Horatia-

913 2464 994 2486 num
1021 2453 1182 2495 Epicuri
1215 2453 1259 2484 de
1279 2463 1403 2494 grege
1420 2457 1587 2494 porcum.

913 2501 988 2533 eius
1013 2500 1217 2541 ‘imaginem
1245 2509 1318 2532 non
1338 2499 1447 2532 modo
1473 2500 1509 2532 in
1535 2504 1586 2532 ta-

913 2548 1010 2581 bulis
1038 2548 1149 2580 nostri
1175 2547 1367 2580 familiares
1396 2547 1460 2580 sed
1485 2547 1589 2580 etiam

912 2597 948 2629 in
982 2595 1121 2639 poculis
1154 2599 1189 2626 et
1220 2596 1257 2627 in
1289 2594 1403 2627 anulis
1437 2593 1591 2628 habent‘

913 2644 984 2677 Cic.
1012 2644 1056 2676 de
1082 2642 1140 2676 fin.
1165 2652 1190 2675 v
1216 2643 1249 2686 1,
1275 2642 1298 2676 3
1325 2642 1370 2676 cf.
1397 2642 1535 2675 Plinius
1562 2642 1587 2676 1.

912 2691 1094 2735 adposito;
1122 2690 1230 2723 multa
1254 2690 1434 2734 hodieque
1452 2696 1589 2723 exstant

914 2738 1113 2779 simulacra,
1140 2737 1284 2771 nomine
1308 2742 1432 2772 notata
1450 2739 1588 2771 Hercu—
