1842 3250
123 1906 193 1941 254

121 1981 190 2015 ‘2515

119 2249 187 2285 <271

222 215 293 252 350
772 202 1090 251 SPICILEGIVM

221 331 327 373 ἡμεῖς
351 330 445 366 αὐτὰ
472 332 654 372 ποιοῦμεν
682 330 806 373 οὕτως
831 330 929 373 ἔχειν
957 330 1036 366 ἀλλ’
1063 331 1127 366 ὑπ’
1154 330 1309 367 ἐκείνων
1336 332 1444 369 αὐτοὶ
1473 334 1631 371 διατιθέ-

221 395 316 438 μεθά
342 406 433 437 πως.
476 395 557 430 ἐπεὶ
584 397 643 430 καὶ
669 397 820 436 γελοῖον
835 383 896 439 ἐἴη
925 396 982 439 ἄν,
1010 395 1042 430 εἰ
1062 396 1350 440 διανοηθείημεν
1377 398 1483 441 ἡμεῖς
1508 401 1633 444 ὥςπερ

222 459 259 494 οἱ
283 460 478 503 Ζωγράφοι
498 461 558 494 καὶ
585 459 746 494 πλάσται
773 460 962 502 σκύλακας
985 461 1010 502 ἢ
1037 459 1218 504 χιμαίρας,
1245 460 1373 496 ἀξιοῦν
1399 463 1511 505 εὐθὺς
1537 464 1632 498 εἶναι

221 528 343 560 ταῦτα
368 525 429 559 καὶ
459 525 519 558 διὰ
545 527 661 559 τοῦτο
688 525 945 567 φαντάζεσθαι
979 525 1075 559 καθά
1103 536 1174 569 περ
1201 526 1365 569 εὐτρεπῆ
1393 530 1630 570 παρεστῶτα.

223 607 303 640 add.
331 607 579 641 AVGVSTINVS
605 610 726 638 contra
754 606 989 639 Academicos
1015 616 1059 640 111
1085 607 1139 649 11,
1158 606 1204 641 26
1227 613 1250 641 t.
1271 617 1284 640 1
1311 619 1342 650 p.
1357 606 1445 641 ‘2813-
1471 607 1632 644 ed.Ven.
1661 617 1676 640 5

223 671 315 706 17:29
346 671 428 712 ‘age
455 672 483 703 si
512 671 605 704 dicat
629 671 826 715 Epicureus
851 672 1038 715 quispiam:
1075 671 1162 704 nihil
1188 671 1303 704 habeo
1331 672 1428 715 quod
1457 675 1499 706 de
1525 674 1633 707 sensi·

220 736 288 768 bus
321 746 527 778 conquerar.
573 736 742 767 iniustum
775 740 829 767 est
865 736 956 768 enim
984 736 1027 767 ab
1055 736 1104 768 cis
1133 736 1270 777 exigere
1303 737 1385 780 plus
1421 748 1522 781 quam
1549 749 1632 782 pos-

221 806 312 834 sunt.
351 799 524 843 quidquid
559 804 675 832 autem
707 805 859 842 possunt
892 800 1015 832 uidere
1049 799 1153 836 oculi.
1188 811 1307 833 uerum
1334 802 1466 837 uident.
1503 813 1633 844 ergone

220 875 342 896 uerum
370 868 424 896 est
449 864 543 907 quod
563 864 609 896 de
627 873 721 896 remo
741 864 776 897 in
795 874 886 906 aqua
912 864 1058 897 uident?
1084 873 1226 906 prorsus
1247 875 1378 899 uerum.
1411 876 1490 898 nam
1507 877 1631 899 caussa

221 929 411 961 accedente
438 939 546 972 quare
572 929 619 961 ita
645 929 835 967 uideretur,
859 928 887 960 si
914 928 1097 961 demersus
1123 928 1219 960 unda
1244 938 1361 961 remus
1388 935 1500 962 rectus
1527 941 1632 974 appa·
1660 938 1694 964 10

220 998 321 1036 reret,
350 993 460 1034 magis
491 993 618 1025 oeulos
645 1003 746 1025 meos
773 992 881 1026 falsae
907 992 1178 1024 renuntiationis
1208 996 1402 1034 arguerem.
1441 1004 1511 1025 non
1540 995 1632 1026 enim

221 1058 380 1090 uiderent
397 1058 492 1100 quod
511 1057 637 1089 talibus
657 1056 908 1089 exsistentibus
928 1056 1060 1088 caussis
1079 1057 1274 1088 uidendum
1293 1057 1369 1091 fuit.
1410 1058 1494 1100 quid
1514 1059 1632 1090 multis

221 1133 310 1165 opus
337 1121 412 1154 cst?
446 1122 516 1153 hoc
535 1122 580 1153 de
605 1121 751 1153 turrium
770 1126 879 1158 motu,
906 1120 974 1152 hoc
1002 1121 1044 1153 dc
1070 1120 1227 1163 pinnulis
1254 1122 1384 1159 auium,
1412 1121 1480 1154 hoc
1508 1123 1552 1154 de
1579 1133 1633 1154 ce·

219 1187 304 1218 teris
332 1185 650 1218 innumerabilibus
678 1184 746 1217 dici
773 1185 923 1228 potest’.

220 1250 415 1283 loun-mas
449 1248 611 1283 Smnvs
644 1249 688 1281 ad
720 1251 985 1290 Hermogenem
1018 1249 1126 1283 Rhct.
1157 1249 1291 1282 Walzii
1324 1256 1346 1284 ι.
1374 1260 1414 1284 vx
1445 1261 1478 1293 p.
1503 1246 1561 1288 80,
1586 1249 1633 1284 ‘22
1661 1258 1694 1282 15

218 1315 473 1357 Ἐμπειρικοὺς
505 1313 540 1348 οἱ
572 1314 779 1356 φιλόσοφοι
811 1315 991 1347 καλοῦσιν
1021 1313 1178 1354 εἰκότως
1208 1314 1299 1355 τοὺς
1333 1315 1381 1357 μὴ
1414 1314 1482 1356 τὰς
1514 1313 1632 1355 αἰτίας

218 1381 297 1414 τῶν
322 1379 473 1414 ἑαυτῶν
499 1377 818 1420 ἀποτελεσμάτων
851 1377 1010 1419 εἰδότας.
1046 1376 1217 1420 αἰσθήσει
1253 1378 1293 1412 δὲ
1321 1379 1417 1423 μόνῃ
1445 1379 1515 1421 τὴν
1543 1378 1632 1422 ἀλη-

219 1443 327 1486 θινὴν
351 1442 471 1487 κρίσιν
497 1442 740 1486 ἐπιτρέπουσι
766 1444 845 1477 τῶν
872 1442 1102 1485 ἐπιστημῶν,
1127 1442 1150 1485 ἣ
1177 1442 1273 1476 κατὰ
1291 1443 1387 1477 πολὺ
1407 1442 1632 1486 προσπταίει

217 1511 298 1549 τοῖς
329 1507 544 1551 πράγμασιν
578 1507 847 1550 ἑπιβὰλλουσα·
885 1505 968 1542 οἷον
1000 1507 1069 1541 τὸν
1101 1507 1250 1550 πύργον
1276 1508 1408 1550 ὁρῶσα
1433 1509 1632 1552 πόρρωθεν

219 1573 477 1616 κυλινδροειδῆ
504 1572 747 1615 τετράγωνον
779 1573 870 1606 ὄντα
897 1572 1027 1615 τυχόν,
1063 1572 1122 1606 καὶ
1149 1575 1204 1616 τῷ
1239 1572 1347 1606 ὕδατι
1374 1573 1632 1615 κεκλασμένην
1658 1581 1694 1606 20

217 1637 290 1679 τὴν
316 1638 451 1680 κώπην
478 1637 539 1671 καὶ
565 1640 757 1680 πηχυαῖον
774 1637 843 1671 τὸν
860 1638 968 1680 ἥλιον
995 1638 1054 1670 καὶ
1082 1638 1220 1671 κύκλον
1246 1637 1466 1681 ὑπάρχοντα
1487 1645 1631 1680 σφαιρι·

219 1702 286 1736 κὸν
312 1702 380 1736 τὸν
408 1701 588 1745 οὐρανόν·
618 1702 711 1743 ὥςτε
739 1701 771 1736 εἰ
798 1702 990 1744 δυσχερῶς
1017 1700 1052 1735 οἱ
1077 1701 1190 1744 φύσει
1207 1705 1334 1744 ταχεῖς
1358 1704 1427 1745 τῆς
1445 1700 1632 1745 ἀκριβείας

219 1764 571 1807 ἀντιλαμβάνονται,
602 1767 683 1806 ταῖς
709 1763 906 1807 αἰσθήσεσι
938 1764 983 1799 τὸ
1011 1763 1159 1807 ἀκριβὲς
1186 1764 1468 1809 ἐπιτρέψαντες,
1501 1768 1630 1811 πολλῷ

219 1832 359 1872 μᾶλλον
386 1829 423 1865 οἱ
448 1833 581 1872 νωθεῖς
606 1840 648 1864 τε
673 1831 733 1864 καὶ
761 1829 930 1872 ῥᾴθυμοι.

219 1906 263 1938 cf.
292 1906 413 1938 Cicero
440 1905 485 1938 de
511 1905 620 1939 diuin.
648 1914 678 1939 11
704 1904 760 1944 (57,
792 1904 990 1939 1343—139.
1659 1913 1694 1940 25

218 1982 262 2014 ad
288 1993 321 2026 p.
342 1981 422 2020 188,
441 1981 487 2015 315
503 1992 554 2024 sq.
583 1980 683 2014 adm:
710 1981 754 2014 cf.
783 1979 841 2012 uel
861 1980 1077 2013 Posidonius
1097 1980 1225 2013 Galeni
1254 1981 1298 2013 de
1321 1981 1439 2022 dogm.
1456 1981 1631 2025 Hippocr.

219 2053 253 2079 et
277 2046 370 2079 Plat.
396 2055 420 2078 v
447 2045 467 2079 7
498 2050 519 2078 t.
547 2054 571 2078 v
599 2055 632 2088 p.
650 2044 721 2079 502
747 2045 798 2078 K.
824 2044 906 2083 487,
927 2044 949 2078 8
976 2045 1097 2079 Muell.
1130 2044 1175 2079 οὐ
1203 2047 1359 2088 μακρῶν
1386 2046 1511 2087 λόγων
1542 2044 1631 2080 οὐδὲ

217 2107 448 2143 ἀποδείξεων
475 2107 752 2151 ἀκριβεστέρων
778 2107 948 2150 δεόμενα,
984 2107 1102 2150 μόνης
1128 2107 1169 2142 δὲ
1195 2107 1442 2151 ἀναμνήσεως
1466 2110 1521 2144 ὠν
1549 2109 1631 2144 ἑκά-

218 2182 331 2208 στοτε
357 2173 564 2216 πάσχομεν,
591 2172 643 2215 ὡς
669 2173 730 2207 καὶ
755 2171 1015 2214 Ποσειδώνιος
1041 2173 1157 2207 εἶπεν.

216 2248 367 2283 Snx‘rvs
394 2259 483 2293 emp.
511 2249 592 2283 adu.
619 2247 783 2281 mathem.
810 2258 836 2282 x
862 2247 1032 2291 (dogmat.
1059 2247 1116 2293 xv)
1142 2248 1164 2283 2
1196 2248 1292 2283 κατὰ
1317 2249 1386 2284 τὸν
1412 2248 1631 2294 Ἐπίκουρον
1662 2257 1697 2282 30

216 2315 298 2357 τῆς
324 2312 530 2356 ἀναφοῦς
557 2311 790 2354 καλουμένης
816 2312 999 2354 φύσεως
1024 2311 1068 2346 τὸ
1094 2311 1162 2354 μέν
1179 2323 1214 2346 τι
1240 2311 1464 2354 ὀνομάζεται
1483 2312 1630 2356 κενόν,

217 2378 261 2413 τὸ
289 2378 329 2412 δὲ
356 2377 514 2419 τόπος,
554 2376 599 2411 τὸ
633 2376 674 2411 δὲ
706 2376 846 2420 χώρα,
885 2376 1274 2419 μεταλαμβανομὲνων
1301 2376 1396 2411 κατὰ
1423 2376 1631 2420 διαφόρους

339 2498 480 2534 15—24
505 2498 590 2532 haee
616 2499 653 2530 in
666 2498 854 2542 Epicurum
881 2499 1017 2530 intendi
1044 2508 1086 2531 ex
1113 2499 1339 2541 sequentibus
1366 2510 1398 2542 p.
1414 2497 1531 2539 88,2’i'
1561 2496 1629 2542 (su-

217 2568 279 2601 pra
303 2569 337 2601 p.
359 2557 437 2596 183,
456 2557 519 2600 21)
544 2562 688 2600 apparet
710 2556 715 2600 Ι
741 2556 784 2590 19
810 2556 1002 2600 πράγμασι
1038 2557 1098 2591 καί
1125 2556 1378 2599 ἐπιβάλλουσα
1407 2556 1582 2588 serebatur
1615 2554 1632 2600 ΙΙ

217 2616 263 2651 27
288 2617 369 2649 hinc
388 2617 521 2660 liquido
539 2622 677 2649 constat
690 2616 898 2648 Ciceronem
917 2616 962 2648 de
978 2616 1036 2650 fm.
1052 2625 1065 2649 1
1083 2616 1116 2658 9,
1131 2616 1177 2650 30
1195 2616 1319 2660 (supra
1336 2627 1370 2659 p.
1389 2615 1468 2654 188,
1482 2613 1543 2658 33)
1558 2625 1629 2646 non

217 2678 360 2708 ratione
386 2675 451 2707 sed
478 2677 643 2708 oratione
675 2674 859 2718 scripsisse
900 2673 917 2717 ΙΙ
957 2674 1004 2708 30
1024 2685 1101 2718 sqq.
1129 2675 1172 2708 cf.
1199 2675 1227 2708 1.
1255 2675 1469 2717 Bernaysius
1507 2684 1627 2713 opusc.

217 2739 241 2767 t.
267 2743 296 2766 11
321 2745 355 2777 p.
375 2733 421 2767 35
1090 2738 1092 2740 '
