<?xml version="1.0" encoding="UTF-8"?>
<!DOCTYPE html PUBLIC "-//W3C//DTD XHTML 1.0 Transitional//EN"
    "http://www.w3.org/TR/xhtml1/DTD/xhtml1-transitional.dtd">
<html xmlns="http://www.w3.org/1999/xhtml" xml:lang="en" lang="en">
 <head>
  <title>
</title>
<meta http-equiv="Content-Type" content="text/html;charset=utf-8" />
  <meta name='ocr-system' content='tesseract 3.04.00' />
  <meta name='ocr-capabilities' content='ocr_page ocr_carea ocr_par ocr_line ocrx_word'/>
</head>
<body>
  <div class='ocr_page' id='page_1' title='image "./epicvreaedidithe00epicuoft/epicvreaedidithe00epicuoft_0092.png"; bbox 0 0 1846 3288; ppageno 0'>
   <div class='ocr_carea' id='block_1_1' title="bbox 291 236 1099 273">
    <p class='ocr_par' dir='ltr' id='par_1_1' title="bbox 291 236 1099 273">
     <span class='ocr_line' id='line_1_1' title="bbox 291 236 1099 273; baseline -0.005 0"><span class='ocrx_word' id='word_1_1' title='bbox 291 240 314 273; x_wconf 90' lang='lat'>8</span> <span class='ocrx_word' id='word_1_2' title='bbox 894 236 1099 270; x_wconf 83' lang='lat' dir='ltr'>EPICVRI</span> 
     </span>
    </p>
   </div>
   <div class='ocr_carea' id='block_1_2' title="bbox 293 349 1773 405">
    <p class='ocr_par' dir='ltr' id='par_1_2' title="bbox 293 349 1773 405">
     <span class='ocr_line' id='line_1_2' title="bbox 293 349 1773 405; baseline -0.003 -10"><span class='ocrx_word' id='word_1_3' title='bbox 293 352 373 404; x_wconf 85' lang='grc' dir='ltr'>οὐχ</span> <span class='ocrx_word' id='word_1_4' title='bbox 408 350 559 404; x_wconf 84' lang='grc' dir='ltr'>ἁπλῶς</span> <span class='ocrx_word' id='word_1_5' title='bbox 595 351 764 405; x_wconf 82' lang='grc' dir='ltr'>ἄπειροι</span> <span class='ocrx_word' id='word_1_6' title='bbox 800 351 912 394; x_wconf 88' lang='grc' dir='ltr'>ἀλλὰ</span> <span class='ocrx_word' id='word_1_7' title='bbox 949 351 1086 402; x_wconf 89' lang='grc' dir='ltr'>μόνον</span> <span class='ocrx_word' id='word_1_8' title='bbox 1123 350 1413 402; x_wconf 80' lang='grc' dir='ltr'>ἀπερίληπτοι.</span> <span class='ocrx_word' id='word_1_9' title='bbox 1481 349 1704 392; x_wconf 86' lang='grc' dir='ltr'>Κινοῦνταί</span> <span class='ocrx_word' id='word_1_10' title='bbox 1727 357 1773 391; x_wconf 76' lang='grc'>43</span> 
     </span>
    </p>
   </div>
   <div class='ocr_carea' id='block_1_3' title="bbox 290 421 1706 1130">
    <p class='ocr_par' dir='ltr' id='par_1_3' title="bbox 290 421 1706 1130">
     <span class='ocr_line' id='line_1_3' title="bbox 291 421 1703 478; baseline -0.002 -11"><span class='ocrx_word' id='word_1_11' title='bbox 291 438 338 468; x_wconf 88' lang='grc' dir='ltr'>τε</span> <span class='ocrx_word' id='word_1_12' title='bbox 357 427 568 478; x_wconf 78' lang='grc' dir='ltr'>,συνεχῶς</span> <span class='ocrx_word' id='word_1_13' title='bbox 599 424 642 467; x_wconf 78' lang='grc' dir='ltr'>αἱ</span> <span class='ocrx_word' id='word_1_14' title='bbox 671 423 825 476; x_wconf 79' lang='grc' dir='ltr'>ἄτομοι</span> <span class='ocrx_word' id='word_1_15' title='bbox 862 424 940 467; x_wconf 88' lang='grc' dir='ltr'>τὸν</span> <span class='ocrx_word' id='word_1_16' title='bbox 978 422 1116 466; x_wconf 85' lang='grc' dir='ltr'>αἰῶνα</span> <span class='ocrx_word' id='word_1_17' title='bbox 1142 441 1168 464; x_wconf 64' lang='grc' dir='ltr'>ιι</span> <span class='ocrx_word' id='word_1_18' title='bbox 1198 441 1223 464; x_wconf 53' lang='grc' dir='ltr'>κ</span> <span class='ocrx_word' id='word_1_19' title='bbox 1255 423 1324 466; x_wconf 89' lang='grc' dir='ltr'>καὶ</span> <span class='ocrx_word' id='word_1_20' title='bbox 1354 421 1397 464; x_wconf 85' lang='grc' dir='ltr'>αἱ</span> <span class='ocrx_word' id='word_1_21' title='bbox 1427 423 1504 475; x_wconf 77' lang='grc' dir='ltr'>μὲν</span> <span class='ocrx_word' id='word_1_22' title='bbox 1535 421 1597 474; x_wconf 86' lang='grc' dir='ltr'>εἰς</span> <span class='ocrx_word' id='word_1_23' title='bbox 1628 436 1703 474; x_wconf 83' lang='grc' dir='ltr'>μα-</span> 
     </span>
     <span class='ocr_line' id='line_1_4' title="bbox 293 495 1704 550; baseline -0.002 -10"><span class='ocrx_word' id='word_1_24' title='bbox 293 497 400 550; x_wconf 83' lang='grc' dir='ltr'>κρὰν</span> <span class='ocrx_word' id='word_1_25' title='bbox 429 497 501 540; x_wconf 85' lang='grc' dir='ltr'>ἀπ’</span> <span class='ocrx_word' id='word_1_26' title='bbox 535 496 738 548; x_wconf 88' lang='grc' dir='ltr'>ἀλλήλων</span> <span class='ocrx_word' id='word_1_27' title='bbox 768 495 1047 548; x_wconf 78' lang='grc' dir='ltr'>διιστάμεναι,</span> <span class='ocrx_word' id='word_1_28' title='bbox 1093 496 1136 538; x_wconf 74' lang='grc' dir='ltr'>αἱ</span> <span class='ocrx_word' id='word_1_29' title='bbox 1169 497 1218 539; x_wconf 82' lang='grc' dir='ltr'>δὲ</span> <span class='ocrx_word' id='word_1_30' title='bbox 1255 495 1390 538; x_wconf 86' lang='grc' dir='ltr'>αὐτὸν</span> <span class='ocrx_word' id='word_1_31' title='bbox 1426 495 1503 537; x_wconf 90' lang='grc' dir='ltr'>τὸν</span> <span class='ocrx_word' id='word_1_32' title='bbox 1532 495 1704 546; x_wconf 87' lang='grc' dir='ltr'>παλμὸν</span> 
     </span>
     <span class='ocr_line' id='line_1_5' title="bbox 290 567 1704 624; baseline -0.001 -13"><span class='ocrx_word' id='word_1_33' title='bbox 290 570 503 623; x_wconf 82' lang='grc' dir='ltr'>ἴσχουσιν,</span> <span class='ocrx_word' id='word_1_34' title='bbox 544 570 651 613; x_wconf 89' lang='grc' dir='ltr'>ὅταν</span> <span class='ocrx_word' id='word_1_35' title='bbox 680 569 843 621; x_wconf 88' lang='grc' dir='ltr'>τύχωσι</span> <span class='ocrx_word' id='word_1_36' title='bbox 874 572 925 623; x_wconf 86' lang='grc' dir='ltr'>τῇ</span> <span class='ocrx_word' id='word_1_37' title='bbox 956 571 1192 624; x_wconf 82' lang='grc' dir='ltr'>περιπλοκῇ</span> <span class='ocrx_word' id='word_1_38' title='bbox 1224 567 1464 620; x_wconf 86' lang='grc' dir='ltr'>κεκλιμέναι</span> <span class='ocrx_word' id='word_1_39' title='bbox 1492 567 1520 619; x_wconf 84' lang='grc' dir='ltr'>ἢ</span> <span class='ocrx_word' id='word_1_40' title='bbox 1551 577 1704 618; x_wconf 88' lang='grc' dir='ltr'>στεγα-</span> 
     </span>
     <span class='ocr_line' id='line_1_6' title="bbox 293 639 1706 693; baseline -0.001 -9"><span class='ocrx_word' id='word_1_41' title='bbox 293 642 468 693; x_wconf 85' lang='grc' dir='ltr'>ζόμεναι</span> <span class='ocrx_word' id='word_1_42' title='bbox 497 641 615 693; x_wconf 85' lang='grc' dir='ltr'>παρὰ</span> <span class='ocrx_word' id='word_1_43' title='bbox 644 643 733 683; x_wconf 87' lang='grc' dir='ltr'>τῶν</span> <span class='ocrx_word' id='word_1_44' title='bbox 762 641 1011 683; x_wconf 85' lang='grc' dir='ltr'>πλεκτικῶν.</span> <span class='ocrx_word' id='word_1_45' title='bbox 1056 639 1082 691; x_wconf 88' lang='grc' dir='ltr'><strong>ἥ</strong></span> <span class='ocrx_word' id='word_1_46' title='bbox 1112 654 1159 684; x_wconf 88' lang='grc' dir='ltr'>τε</span> <span class='ocrx_word' id='word_1_47' title='bbox 1189 640 1271 692; x_wconf 88' lang='grc' dir='ltr'>γὰρ</span> <span class='ocrx_word' id='word_1_48' title='bbox 1302 642 1380 682; x_wconf 90' lang='grc' dir='ltr'>τοῦ</span> <span class='ocrx_word' id='word_1_49' title='bbox 1411 642 1540 682; x_wconf 87' lang='grc' dir='ltr'>κενοῦ</span> <span class='ocrx_word' id='word_1_50' title='bbox 1570 640 1706 692; x_wconf 85' lang='grc' dir='ltr'>φύσις</span> 
     </span>
     <span class='ocr_line' id='line_1_7' title="bbox 292 711 1704 767; baseline -0.002 -10"><span class='ocrx_word' id='word_1_51' title='bbox 292 716 317 765; x_wconf 81' lang='grc' dir='ltr'>ἡ</span> <span class='ocrx_word' id='word_1_52' title='bbox 340 715 591 767; x_wconf 84' lang='grc' dir='ltr'>διορίζουσα</span> <span class='ocrx_word' id='word_1_53' title='bbox 618 712 806 764; x_wconf 85' lang='grc' dir='ltr'>ἑκάστην</span> <span class='ocrx_word' id='word_1_54' title='bbox 829 713 964 764; x_wconf 86' lang='grc' dir='ltr'>αὐτὴν</span> <span class='ocrx_word' id='word_1_55' title='bbox 984 715 1116 756; x_wconf 85' lang='grc' dir='ltr'>τοῦτο</span> <span class='ocrx_word' id='word_1_56' title='bbox 1141 711 1474 765; x_wconf 85' lang='grc' dir='ltr'>παρασκευάζει,</span> <span class='ocrx_word' id='word_1_57' title='bbox 1502 713 1580 764; x_wconf 88' lang='grc' dir='ltr'>τὴν</span> <span class='ocrx_word' id='word_1_58' title='bbox 1605 712 1704 755; x_wconf 85' lang='grc' dir='ltr'>ὑπέ-</span> 
     </span>
     <span class='ocr_line' id='line_1_8' title="bbox 293 784 1704 840; baseline -0.003 -10"><span class='ocrx_word' id='word_1_59' title='bbox 293 797 429 840; x_wconf 79' lang='grc' dir='ltr'>ρεισιν</span> <span class='ocrx_word' id='word_1_60' title='bbox 460 787 541 838; x_wconf 85' lang='grc' dir='ltr'>οὐχ</span> <span class='ocrx_word' id='word_1_61' title='bbox 570 785 642 828; x_wconf 88' lang='grc' dir='ltr'>οἵα</span> <span class='ocrx_word' id='word_1_62' title='bbox 662 799 709 828; x_wconf 90' lang='grc' dir='ltr'>τε</span> <span class='ocrx_word' id='word_1_63' title='bbox 731 784 845 828; x_wconf 84' lang='grc' dir='ltr'>οὖσα</span> <span class='ocrx_word' id='word_1_64' title='bbox 865 787 1098 828; x_wconf 87' lang='grc' dir='ltr'>ποιεῖσθαι·</span> <span class='ocrx_word' id='word_1_65' title='bbox 1128 784 1155 836; x_wconf 81' lang='grc' dir='ltr'><strong>ἥ</strong></span> <span class='ocrx_word' id='word_1_66' title='bbox 1182 799 1228 828; x_wconf 87' lang='grc' dir='ltr'>τε</span> <span class='ocrx_word' id='word_1_67' title='bbox 1255 784 1492 837; x_wconf 87' lang='grc' dir='ltr'>στερεότης</span> <span class='ocrx_word' id='word_1_68' title='bbox 1517 784 1544 836; x_wconf 86' lang='grc' dir='ltr'>ἡ</span> <span class='ocrx_word' id='word_1_69' title='bbox 1571 784 1704 836; x_wconf 85' lang='grc' dir='ltr'>ὑπάρ-</span> 
     </span>
     <span class='ocr_line' id='line_1_9' title="bbox 292 857 1705 912; baseline -0.001 -10"><span class='ocrx_word' id='word_1_70' title='bbox 292 869 433 912; x_wconf 88' lang='grc' dir='ltr'>χουσα</span> <span class='ocrx_word' id='word_1_71' title='bbox 465 860 617 911; x_wconf 83' lang='grc' dir='ltr'>αὐταῖς</span> <span class='ocrx_word' id='word_1_72' title='bbox 647 859 755 901; x_wconf 82' lang='grc' dir='ltr'>κατὰ</span> <span class='ocrx_word' id='word_1_73' title='bbox 784 859 863 909; x_wconf 88' lang='grc' dir='ltr'>τὴν</span> <span class='ocrx_word' id='word_1_74' title='bbox 893 859 1159 911; x_wconf 83' lang='grc' dir='ltr'>σύγκρουσιν</span> <span class='ocrx_word' id='word_1_75' title='bbox 1189 859 1267 901; x_wconf 87' lang='grc' dir='ltr'>τὸν</span> <span class='ocrx_word' id='word_1_76' title='bbox 1298 857 1558 910; x_wconf 86' lang='grc' dir='ltr'>ἀποπαλμὸν</span> <span class='ocrx_word' id='word_1_77' title='bbox 1581 860 1705 909; x_wconf 88' lang='grc' dir='ltr'>ποιεῖ,</span> 
     </span>
     <span class='ocr_line' id='line_1_10' title="bbox 293 931 1704 985; baseline -0.002 -10"><span class='ocrx_word' id='word_1_78' title='bbox 293 932 362 985; x_wconf 76' lang='grc' dir='ltr'>ἐφ’</span> <span class='ocrx_word' id='word_1_79' title='bbox 401 933 572 975; x_wconf 85' lang='grc' dir='ltr'>ὁπόσον</span> <span class='ocrx_word' id='word_1_80' title='bbox 613 932 667 974; x_wconf 85' lang='grc' dir='ltr'>ἂν</span> <span class='ocrx_word' id='word_1_81' title='bbox 695 931 722 983; x_wconf 82' lang='grc' dir='ltr'><strong>ἡ</strong></span> <span class='ocrx_word' id='word_1_82' title='bbox 751 931 989 984; x_wconf 81' lang='grc' dir='ltr'>περιπλοκὴ</span> <span class='ocrx_word' id='word_1_83' title='bbox 1030 931 1109 982; x_wconf 86' lang='grc' dir='ltr'>τὴν</span> <span class='ocrx_word' id='word_1_84' title='bbox 1145 931 1503 973; x_wconf 84' lang='grc' dir='ltr'>ἀποκατάστασιν</span> <span class='ocrx_word' id='word_1_85' title='bbox 1540 931 1588 972; x_wconf 87' lang='grc' dir='ltr'>ἐκ</span> <span class='ocrx_word' id='word_1_86' title='bbox 1626 932 1704 982; x_wconf 88' lang='grc' dir='ltr'>τῆς</span> 
     </span>
     <span class='ocr_line' id='line_1_11' title="bbox 292 997 1706 1060; baseline -0.002 -12"><span class='ocrx_word' id='word_1_87' title='bbox 292 997 606 1058; x_wconf 69' lang='grc' dir='ltr'>συγκρούσεωξ</span> <span class='ocrx_word' id='word_1_88' title='bbox 642 1008 759 1060; x_wconf 85' lang='grc' dir='ltr'>διδῷ.</span> <span class='ocrx_word' id='word_1_89' title='bbox 816 1003 925 1056; x_wconf 86' lang='grc' dir='ltr'>ἀρχὴ</span> <span class='ocrx_word' id='word_1_90' title='bbox 965 1005 1012 1046; x_wconf 80' lang='grc' dir='ltr'>δὲ</span> <span class='ocrx_word' id='word_1_91' title='bbox 1049 1004 1219 1046; x_wconf 88' lang='grc' dir='ltr'>τούτων</span> <span class='ocrx_word' id='word_1_92' title='bbox 1262 1003 1342 1046; x_wconf 84' lang='grc' dir='ltr'>οὐκ</span> <span class='ocrx_word' id='word_1_93' title='bbox 1377 1003 1509 1055; x_wconf 83' lang='grc' dir='ltr'>ἔστιν,</span> <span class='ocrx_word' id='word_1_94' title='bbox 1556 1003 1706 1046; x_wconf 79' lang='grc' dir='ltr'>ἀιδίων</span> 
     </span>
     <span class='ocr_line' id='line_1_12' title="bbox 292 1077 1148 1130; baseline -0.004 -9"><span class='ocrx_word' id='word_1_95' title='bbox 292 1080 380 1121; x_wconf 84' lang='grc' dir='ltr'>τῶν</span> <span class='ocrx_word' id='word_1_96' title='bbox 411 1078 586 1130; x_wconf 85' lang='grc' dir='ltr'>ἀτόμων</span> <span class='ocrx_word' id='word_1_97' title='bbox 618 1077 768 1120; x_wconf 85' lang='grc' dir='ltr'>οὐσῶν</span> <span class='ocrx_word' id='word_1_98' title='bbox 799 1077 868 1119; x_wconf 86' lang='grc' dir='ltr'>καὶ</span> <span class='ocrx_word' id='word_1_99' title='bbox 897 1079 975 1119; x_wconf 85' lang='grc' dir='ltr'>τοῦ</span> <span class='ocrx_word' id='word_1_100' title='bbox 1008 1079 1148 1119; x_wconf 83' lang='grc' dir='ltr'>κενοῦ.</span> 
     </span>
    </p>
   </div>
   <div class='ocr_carea' id='block_1_4' title="bbox 290 1198 1706 1660">
    <p class='ocr_par' dir='ltr' id='par_1_4' title="bbox 290 1198 1706 1422">
     <span class='ocr_line' id='line_1_13' title="bbox 415 1198 1706 1245; baseline -0.001 -10"><span class='ocrx_word' id='word_1_101' title='bbox 415 1202 430 1235; x_wconf 86' lang='grc'>1</span> <span class='ocrx_word' id='word_1_102' title='bbox 462 1199 779 1244; x_wconf 82' lang='grc' dir='ltr'>ἀπερίληπτοι.</span> <span class='ocrx_word' id='word_1_103' title='bbox 817 1200 906 1234; x_wconf 80' lang='grc' dir='ltr'>οὐδὲ</span> <span class='ocrx_word' id='word_1_104' title='bbox 931 1198 1005 1243; x_wconf 86' lang='grc' dir='ltr'>γάρ</span> <span class='ocrx_word' id='word_1_105' title='bbox 1030 1208 1148 1243; x_wconf 88' lang='grc' dir='ltr'>φησιν</span> <span class='ocrx_word' id='word_1_106' title='bbox 1175 1199 1364 1243; x_wconf 81' lang='grc' dir='ltr'>ἐνδοτέρω</span> <span class='ocrx_word' id='word_1_107' title='bbox 1391 1198 1498 1244; x_wconf 81' lang='lat' dir='ltr'>[infra</span> <span class='ocrx_word' id='word_1_108' title='bbox 1522 1198 1543 1245; x_wconf 70' lang='grc' dir='ltr'><strong>ξ</strong></span> <span class='ocrx_word' id='word_1_109' title='bbox 1563 1198 1626 1244; x_wconf 82' lang='grc'>56]</span> <span class='ocrx_word' id='word_1_110' title='bbox 1655 1199 1706 1242; x_wconf 80' lang='grc' dir='ltr'>εἰς</span> 
     </span>
     <span class='ocr_line' id='line_1_14' title="bbox 292 1257 1705 1304; baseline -0.001 -9"><span class='ocrx_word' id='word_1_111' title='bbox 292 1261 449 1304; x_wconf 85' lang='grc' dir='ltr'>ἄπειρον</span> <span class='ocrx_word' id='word_1_112' title='bbox 474 1260 546 1303; x_wconf 78' lang='grc' dir='ltr'>τήν</span> <span class='ocrx_word' id='word_1_113' title='bbox 571 1260 692 1301; x_wconf 85' lang='grc' dir='ltr'>τομὴν</span> <span class='ocrx_word' id='word_1_114' title='bbox 719 1259 930 1302; x_wconf 85' lang='grc' dir='ltr'>τυγχάνειν,</span> <span class='ocrx_word' id='word_1_115' title='bbox 959 1259 1088 1302; x_wconf 83' lang='grc' dir='ltr'>λήγειν</span> <span class='ocrx_word' id='word_1_116' title='bbox 1116 1259 1167 1301; x_wconf 88' lang='grc' dir='ltr'>δέ,</span> <span class='ocrx_word' id='word_1_117' title='bbox 1196 1258 1325 1301; x_wconf 80' lang='grc' dir='ltr'>ἐπειδὴ</span> <span class='ocrx_word' id='word_1_118' title='bbox 1353 1257 1391 1293; x_wconf 79' lang='grc' dir='ltr'>αἱ</span> <span class='ocrx_word' id='word_1_119' title='bbox 1416 1259 1618 1302; x_wconf 83' lang='grc' dir='ltr'>ποιότητες</span> <span class='ocrx_word' id='word_1_120' title='bbox 1644 1268 1705 1302; x_wconf 80' lang='grc' dir='ltr'>με·</span> 
     </span>
     <span class='ocr_line' id='line_1_15' title="bbox 290 1316 1706 1361; baseline -0.001 -8"><span class='ocrx_word' id='word_1_121' title='bbox 290 1319 551 1361; x_wconf 71' lang='grc' dir='ltr'>ταβάλλονται,</span> <span class='ocrx_word' id='word_1_122' title='bbox 589 1318 619 1352; x_wconf 87' lang='grc' dir='ltr'>εἰ</span> <span class='ocrx_word' id='word_1_123' title='bbox 647 1320 769 1359; x_wconf 83' lang='grc' dir='ltr'>μέλλει</span> <span class='ocrx_word' id='word_1_124' title='bbox 795 1329 851 1361; x_wconf 89' lang='grc' dir='ltr'>τις</span> <span class='ocrx_word' id='word_1_125' title='bbox 876 1319 926 1361; x_wconf 78' lang='grc' dir='ltr'>μὴ</span> <span class='ocrx_word' id='word_1_126' title='bbox 956 1319 1016 1353; x_wconf 83' lang='grc' dir='ltr'>καὶ</span> <span class='ocrx_word' id='word_1_127' title='bbox 1040 1321 1119 1360; x_wconf 83' lang='grc' dir='ltr'>τοῖς</span> <span class='ocrx_word' id='word_1_128' title='bbox 1144 1318 1340 1360; x_wconf 77' lang='grc' dir='ltr'>μεγέθεσιν</span> <span class='ocrx_word' id='word_1_129' title='bbox 1367 1318 1496 1359; x_wconf 84' lang='grc' dir='ltr'>ἁπλῶς</span> <span class='ocrx_word' id='word_1_130' title='bbox 1523 1316 1575 1359; x_wconf 80' lang='grc' dir='ltr'>εἰς</span> <span class='ocrx_word' id='word_1_131' title='bbox 1603 1318 1706 1353; x_wconf 83' lang='grc' dir='ltr'>ἄπει-</span> 
     </span>
     <span class='ocr_line' id='line_1_16' title="bbox 293 1376 1170 1422; baseline -0.001 -11"><span class='ocrx_word' id='word_1_132' title='bbox 293 1388 360 1421; x_wconf 86' lang='grc' dir='ltr'>ρον</span> <span class='ocrx_word' id='word_1_133' title='bbox 385 1377 504 1419; x_wconf 84' lang='grc' dir='ltr'>αὐτὰς</span> <span class='ocrx_word' id='word_1_134' title='bbox 530 1377 721 1420; x_wconf 79' lang='grc' dir='ltr'>ἐκβάλλειν</span> <span class='ocrx_word' id='word_1_135' title='bbox 748 1378 806 1422; x_wconf 73' lang='lat' dir='ltr'>[cf.</span> <span class='ocrx_word' id='word_1_136' title='bbox 832 1376 853 1422; x_wconf 65' lang='grc' dir='ltr'><strong>ξ</strong></span> <span class='ocrx_word' id='word_1_137' title='bbox 874 1376 945 1422; x_wconf 85' lang='grc'>57].</span> <span class='ocrx_word' id='word_1_138' title='bbox 982 1384 1170 1411; x_wconf 68' lang='grc' dir='ltr'>εοιιοωοιι</span> 
     </span>
    </p>

    <p class='ocr_par' dir='ltr' id='par_1_5' title="bbox 291 1433 1706 1599">
     <span class='ocr_line' id='line_1_17' title="bbox 412 1433 1706 1482; baseline -0.002 -11"><span class='ocrx_word' id='word_1_139' title='bbox 412 1436 434 1470; x_wconf 80' lang='lat'>2</span> <span class='ocrx_word' id='word_1_140' title='bbox 461 1435 504 1471; x_wconf 77' lang='grc' dir='ltr'>αἱ</span> <span class='ocrx_word' id='word_1_141' title='bbox 537 1436 712 1479; x_wconf 80' lang='grc' dir='ltr'>ἄτομοι.</span> <span class='ocrx_word' id='word_1_142' title='bbox 757 1438 851 1479; x_wconf 72' lang='grc' dir='ltr'>φησι</span> <span class='ocrx_word' id='word_1_143' title='bbox 884 1435 916 1471; x_wconf 85' lang='grc' dir='ltr'>δ’</span> <span class='ocrx_word' id='word_1_144' title='bbox 944 1436 1131 1480; x_wconf 79' lang='grc' dir='ltr'>ἐνδοτέρω</span> <span class='ocrx_word' id='word_1_145' title='bbox 1163 1433 1392 1482; x_wconf 79' lang='lat' dir='ltr'>[infra§61]</span> <span class='ocrx_word' id='word_1_146' title='bbox 1425 1435 1486 1468; x_wconf 81' lang='grc' dir='ltr'>καί</span> <span class='ocrx_word' id='word_1_147' title='bbox 1518 1433 1706 1478; x_wconf 85' lang='grc' dir='ltr'>ἰσοταχῶς</span> 
     </span>
     <span class='ocr_line' id='line_1_18' title="bbox 292 1494 1705 1542; baseline 0.001 -12"><span class='ocrx_word' id='word_1_148' title='bbox 292 1495 408 1537; x_wconf 82' lang='grc' dir='ltr'>αὐτὰς</span> <span class='ocrx_word' id='word_1_149' title='bbox 441 1497 623 1530; x_wconf 85' lang='grc' dir='ltr'>κινεῖσθαι</span> <span class='ocrx_word' id='word_1_150' title='bbox 654 1497 724 1530; x_wconf 83' lang='grc' dir='ltr'>τοῦ</span> <span class='ocrx_word' id='word_1_151' title='bbox 757 1498 869 1530; x_wconf 85' lang='grc' dir='ltr'>κενοῦ</span> <span class='ocrx_word' id='word_1_152' title='bbox 902 1496 974 1538; x_wconf 83' lang='grc' dir='ltr'>τὴν</span> <span class='ocrx_word' id='word_1_153' title='bbox 1001 1496 1089 1530; x_wconf 74' lang='grc' dir='ltr'>εἶξιν</span> <span class='ocrx_word' id='word_1_154' title='bbox 1121 1494 1254 1538; x_wconf 72' lang='grc' dir='ltr'>ὁμοίαν</span> <span class='ocrx_word' id='word_1_155' title='bbox 1282 1496 1544 1540; x_wconf 82' lang='grc' dir='ltr'>παρεχομένου</span> <span class='ocrx_word' id='word_1_156' title='bbox 1570 1497 1632 1531; x_wconf 77' lang='grc' dir='ltr'>καὶ</span> <span class='ocrx_word' id='word_1_157' title='bbox 1656 1500 1705 1542; x_wconf 73' lang='grc' dir='ltr'>τῇ</span> 
     </span>
     <span class='ocr_line' id='line_1_19' title="bbox 291 1541 1646 1599; baseline -0.002 -9"><span class='ocrx_word' id='word_1_158' title='bbox 291 1554 514 1599; x_wconf 81' lang='grc' dir='ltr'>κουφοτάτῃ</span> <span class='ocrx_word' id='word_1_159' title='bbox 542 1554 602 1589; x_wconf 78' lang='grc' dir='ltr'>καὶ</span> <span class='ocrx_word' id='word_1_160' title='bbox 627 1557 674 1599; x_wconf 83' lang='grc' dir='ltr'>τῇ</span> <span class='ocrx_word' id='word_1_161' title='bbox 702 1555 904 1599; x_wconf 84' lang='grc' dir='ltr'>βαρυτάτῃ.</span> <span class='ocrx_word' id='word_1_162' title='bbox 950 1561 1138 1588; x_wconf 63' lang='lat' dir='ltr'><strong>scnomox</strong></span> <span class='ocrx_word' id='word_1_163' title='bbox 1642 1541 1646 1545; x_wconf 54' lang='grc'><strong>”</strong></span> 
     </span>
    </p>

    <p class='ocr_par' dir='ltr' id='par_1_6' title="bbox 415 1612 1706 1660">
     <span class='ocr_line' id='line_1_20' title="bbox 415 1612 1706 1660; baseline 0.002 -13"><span class='ocrx_word' id='word_1_164' title='bbox 415 1614 454 1648; x_wconf 88' lang='grc'>11</span> <span class='ocrx_word' id='word_1_165' title='bbox 483 1615 566 1648; x_wconf 85' lang='grc' dir='ltr'>τοῦ</span> <span class='ocrx_word' id='word_1_166' title='bbox 593 1616 739 1648; x_wconf 81' lang='grc' dir='ltr'>κενοῦ.</span> <span class='ocrx_word' id='word_1_167' title='bbox 766 1616 860 1657; x_wconf 77' lang='grc' dir='ltr'>φησι</span> <span class='ocrx_word' id='word_1_168' title='bbox 888 1612 921 1647; x_wconf 79' lang='grc' dir='ltr'>δ’</span> <span class='ocrx_word' id='word_1_169' title='bbox 948 1612 1136 1657; x_wconf 80' lang='grc' dir='ltr'>ἐνδοτέρω</span> <span class='ocrx_word' id='word_1_170' title='bbox 1163 1612 1271 1658; x_wconf 72' lang='lat' dir='ltr'>[infra</span> <span class='ocrx_word' id='word_1_171' title='bbox 1290 1613 1389 1660; x_wconf 65' lang='lat'>554]</span> <span class='ocrx_word' id='word_1_172' title='bbox 1406 1615 1501 1658; x_wconf 83' lang='grc' dir='ltr'>μηδὲ</span> <span class='ocrx_word' id='word_1_173' title='bbox 1518 1614 1706 1659; x_wconf 78' lang='grc' dir='ltr'>ποιότητά</span> 
     </span>
    </p>
   </div>
   <div class='ocr_carea' id='block_1_5' title="bbox 291 1740 1706 1905">
    <p class='ocr_par' dir='ltr' id='par_1_7' title="bbox 291 1740 1706 1905">
     <span class='ocr_line' id='line_1_21' title="bbox 415 1740 1704 1786; baseline 0.001 -11"><span class='ocrx_word' id='word_1_174' title='bbox 415 1743 431 1775; x_wconf 93' lang='grc'>1</span> <span class='ocrx_word' id='word_1_175' title='bbox 461 1740 709 1784; x_wconf 76' lang='grc' dir='ltr'>ἀπερίληπτοι</span> <span class='ocrx_word' id='word_1_176' title='bbox 735 1742 867 1781; x_wconf 81' lang='lat' dir='ltr'>BGHs,</span> <span class='ocrx_word' id='word_1_177' title='bbox 901 1751 947 1785; x_wconf 78' lang='grc' dir='ltr'>γρ</span> <span class='ocrx_word' id='word_1_178' title='bbox 974 1740 1021 1774; x_wconf 79' lang='lat'>1²²</span> <span class='ocrx_word' id='word_1_179' title='bbox 1047 1751 1120 1783; x_wconf 87' lang='lat' dir='ltr'>mg:</span> <span class='ocrx_word' id='word_1_180' title='bbox 1155 1740 1418 1785; x_wconf 64' lang='grc' dir='ltr'>ἀπειρίληπτοι</span> <span class='ocrx_word' id='word_1_181' title='bbox 1443 1741 1525 1786; x_wconf 72' lang='grc' dir='ltr'>ΡὯ</span> <span class='ocrx_word' id='word_1_182' title='bbox 1555 1740 1704 1785; x_wconf 83' lang='grc' dir='ltr'>ἀπειρία</span> 
     </span>
     <span class='ocr_line' id='line_1_22' title="bbox 292 1798 1706 1845; baseline -0.001 -10"><span class='ocrx_word' id='word_1_183' title='bbox 292 1800 428 1842; x_wconf 82' lang='grc' dir='ltr'>ληπτοί</span> <span class='ocrx_word' id='word_1_184' title='bbox 450 1800 548 1832; x_wconf 81' lang='lat' dir='ltr'>FP²f</span> <span class='ocrx_word' id='word_1_185' title='bbox 577 1799 592 1844; x_wconf 73' lang='lat' dir='ltr'>fl</span> <span class='ocrx_word' id='word_1_186' title='bbox 625 1800 647 1833; x_wconf 89' lang='grc'><strong>2</strong></span> <span class='ocrx_word' id='word_1_187' title='bbox 673 1800 742 1834; x_wconf 85' lang='grc' dir='ltr'>τὸν</span> <span class='ocrx_word' id='word_1_188' title='bbox 762 1798 897 1845; x_wconf 80' lang='grc' dir='ltr'>αἰῶνα]</span> <span class='ocrx_word' id='word_1_189' title='bbox 926 1799 979 1841; x_wconf 82' lang='grc' dir='ltr'>είς</span> <span class='ocrx_word' id='word_1_190' title='bbox 1002 1799 1070 1834; x_wconf 92' lang='grc' dir='ltr'>τὸν</span> <span class='ocrx_word' id='word_1_191' title='bbox 1097 1798 1218 1834; x_wconf 88' lang='grc' dir='ltr'>αἰῶνα</span> <span class='ocrx_word' id='word_1_192' title='bbox 1243 1810 1303 1842; x_wconf 88' lang='lat' dir='ltr'>mg</span> <span class='ocrx_word' id='word_1_193' title='bbox 1321 1800 1370 1839; x_wconf 86' lang='lat' dir='ltr'>H,</span> <span class='ocrx_word' id='word_1_194' title='bbox 1385 1810 1401 1833; x_wconf 79' lang='lat' dir='ltr'>s</span> <span class='ocrx_word' id='word_1_195' title='bbox 1424 1800 1431 1844; x_wconf 72' lang='grc' dir='ltr'>Ι</span> <span class='ocrx_word' id='word_1_196' title='bbox 1452 1801 1586 1835; x_wconf 85' lang='lat' dir='ltr'>hiatum</span> <span class='ocrx_word' id='word_1_197' title='bbox 1603 1801 1706 1834; x_wconf 88' lang='lat' dir='ltr'>scho-</span> 
     </span>
     <span class='ocr_line' id='line_1_23' title="bbox 291 1859 1705 1905; baseline 0.001 -15"><span class='ocrx_word' id='word_1_198' title='bbox 291 1859 368 1891; x_wconf 85' lang='lat' dir='ltr'>lion</span> <span class='ocrx_word' id='word_1_199' title='bbox 401 1859 594 1892; x_wconf 81' lang='lat' dir='ltr'>instrusum</span> <span class='ocrx_word' id='word_1_200' title='bbox 626 1861 838 1902; x_wconf 78' lang='lat' dir='ltr'>procreauit.</span> <span class='ocrx_word' id='word_1_201' title='bbox 889 1859 1023 1903; x_wconf 72' lang='lat' dir='ltr'>dupiex</span> <span class='ocrx_word' id='word_1_202' title='bbox 1056 1859 1149 1892; x_wconf 81' lang='lat' dir='ltr'>enim</span> <span class='ocrx_word' id='word_1_203' title='bbox 1174 1864 1291 1892; x_wconf 80' lang='lat' dir='ltr'>motus</span> <span class='ocrx_word' id='word_1_204' title='bbox 1319 1859 1593 1902; x_wconf 77' lang='lat' dir='ltr'>distinguendus</span> <span class='ocrx_word' id='word_1_205' title='bbox 1619 1864 1705 1905; x_wconf 59' lang='lat' dir='ltr'>grat,</span> 
     </span>
    </p>
   </div>
   <div class='ocr_carea' id='block_1_6' title="bbox 1729 646 1776 681">
    <p class='ocr_par' dir='ltr' id='par_1_8' title="bbox 1729 646 1776 681">
     <span class='ocr_line' id='line_1_24' title="bbox 1729 646 1776 681; baseline 0 0"><span class='ocrx_word' id='word_1_206' title='bbox 1729 646 1776 681; x_wconf 82' lang='lat'>44</span> 
     </span>
    </p>
   </div>
   <div class='ocr_carea' id='block_1_7' title="bbox 1731 1019 1763 1043">
    <p class='ocr_par' dir='ltr' id='par_1_9' title="bbox 1731 1019 1763 1043">
     <span class='ocr_line' id='line_1_25' title="bbox 1731 1019 1763 1043; baseline 0 0"><span class='ocrx_word' id='word_1_207' title='bbox 1731 1019 1763 1043; x_wconf 82' lang='lat'>1⁰</span> 
     </span>
    </p>
   </div>
   <div class='ocr_carea' id='block_1_8' title="bbox 1730 1386 1763 1413">
    <p class='ocr_par' dir='ltr' id='par_1_10' title="bbox 1730 1386 1763 1413">
     <span class='ocr_line' id='line_1_26' title="bbox 1730 1386 1763 1413; baseline 0 0"><span class='ocrx_word' id='word_1_208' title='bbox 1730 1386 1763 1413; x_wconf 70' lang='lat'>15</span> 
     </span>
    </p>
   </div>
   <div class='ocr_carea' id='block_1_9' title="bbox 292 1918 1736 1962">
    <p class='ocr_par' dir='ltr' id='par_1_11' title="bbox 292 1918 1736 1962">
     <span class='ocr_line' id='line_1_27' title="bbox 292 1918 1736 1962; baseline 0.002 -12"><span class='ocrx_word' id='word_1_209' title='bbox 292 1918 322 1950; x_wconf 90' lang='lat' dir='ltr'>is</span> <span class='ocrx_word' id='word_1_210' title='bbox 347 1929 420 1961; x_wconf 87' lang='lat' dir='ltr'>quo</span> <span class='ocrx_word' id='word_1_211' title='bbox 456 1919 561 1952; x_wconf 80' lang='lat' dir='ltr'>atomi</span> <span class='ocrx_word' id='word_1_212' title='bbox 597 1919 757 1961; x_wconf 82' lang='lat' dir='ltr'>pondere</span> <span class='ocrx_word' id='word_1_213' title='bbox 793 1927 858 1951; x_wconf 78' lang='lat' dir='ltr'>suo</span> <span class='ocrx_word' id='word_1_214' title='bbox 891 1919 1057 1951; x_wconf 81' lang='lat' dir='ltr'>deorsum</span> <span class='ocrx_word' id='word_1_215' title='bbox 1091 1918 1249 1952; x_wconf 82' lang='lat' dir='ltr'>seruntur</span> <span class='ocrx_word' id='word_1_216' title='bbox 1278 1923 1312 1950; x_wconf 86' lang='lat' dir='ltr'>et</span> <span class='ocrx_word' id='word_1_217' title='bbox 1344 1919 1375 1952; x_wconf 88' lang='lat' dir='ltr'>is</span> <span class='ocrx_word' id='word_1_218' title='bbox 1409 1919 1469 1962; x_wconf 86' lang='lat' dir='ltr'>qui</span> <span class='ocrx_word' id='word_1_219' title='bbox 1502 1919 1705 1953; x_wconf 85' lang='lat' dir='ltr'>conlisione</span> <span class='ocrx_word' id='word_1_220' title='bbox 1731 1926 1736 1930; x_wconf 83' lang='lat'><em>&#39;</em></span> 
     </span>
    </p>
   </div>
   <div class='ocr_carea' id='block_1_10' title="bbox 291 1976 1709 2140">
    <p class='ocr_par' dir='ltr' id='par_1_12' title="bbox 291 1976 1709 2140">
     <span class='ocr_line' id='line_1_28' title="bbox 291 1976 1706 2021; baseline 0.001 -12"><span class='ocrx_word' id='word_1_221' title='bbox 291 1978 458 2019; x_wconf 83' lang='lat' dir='ltr'><strong>gignitur,</strong></span> <span class='ocrx_word' id='word_1_222' title='bbox 485 1977 548 2020; x_wconf 85' lang='lat' dir='ltr'>qui</span> <span class='ocrx_word' id='word_1_223' title='bbox 566 1988 658 2010; x_wconf 84' lang='lat' dir='ltr'><strong>nuuc</strong></span> <span class='ocrx_word' id='word_1_224' title='bbox 678 1977 778 2010; x_wconf 82' lang='lat' dir='ltr'>solus</span> <span class='ocrx_word' id='word_1_225' title='bbox 796 1977 995 2020; x_wconf 79' lang='lat' dir='ltr'>respicitur.</span> <span class='ocrx_word' id='word_1_226' title='bbox 1027 1976 1113 2010; x_wconf 81' lang='lat' dir='ltr'>uide</span> <span class='ocrx_word' id='word_1_227' title='bbox 1131 1977 1234 2010; x_wconf 86' lang='lat' dir='ltr'>Lucr.</span> <span class='ocrx_word' id='word_1_228' title='bbox 1252 1984 1283 2011; x_wconf 86' lang='lat'>11</span> <span class='ocrx_word' id='word_1_229' title='bbox 1299 1976 1346 2012; x_wconf 81' lang='lat'>83</span> <span class='ocrx_word' id='word_1_230' title='bbox 1363 1988 1439 2021; x_wconf 74' lang='lat' dir='ltr'>sqq.</span> <span class='ocrx_word' id='word_1_231' title='bbox 1463 1978 1469 2020; x_wconf 92' lang='grc' dir='ltr'>Ι</span> <span class='ocrx_word' id='word_1_232' title='bbox 1491 1976 1543 2019; x_wconf 79' lang='grc' dir='ltr'>εἰς</span> <span class='ocrx_word' id='word_1_233' title='bbox 1560 1978 1706 2011; x_wconf 82' lang='lat' dir='ltr'><strong>delebat</strong></span> 
     </span>
     <span class='ocr_line' id='line_1_29' title="bbox 293 2034 1706 2079; baseline 0 -11"><span class='ocrx_word' id='word_1_234' title='bbox 293 2036 501 2068; x_wconf 76' lang='lat' dir='ltr'>Gassendus</span> <span class='ocrx_word' id='word_1_235' title='bbox 542 2035 558 2079; x_wconf 78' lang='grc' dir='ltr'>Η</span> <span class='ocrx_word' id='word_1_236' title='bbox 600 2035 620 2069; x_wconf 86' lang='grc'><strong>3</strong></span> <span class='ocrx_word' id='word_1_237' title='bbox 648 2035 882 2078; x_wconf 79' lang='grc' dir='ltr'>διισταμέναι</span> <span class='ocrx_word' id='word_1_238' title='bbox 905 2037 935 2068; x_wconf 92' lang='grc' dir='ltr'>Β</span> <span class='ocrx_word' id='word_1_239' title='bbox 963 2035 969 2079; x_wconf 84' lang='grc' dir='ltr'>Ι</span> <span class='ocrx_word' id='word_1_240' title='bbox 997 2034 1034 2070; x_wconf 76' lang='grc' dir='ltr'>αἱ</span> <span class='ocrx_word' id='word_1_241' title='bbox 1062 2036 1103 2071; x_wconf 81' lang='grc' dir='ltr'>δὲ</span> <span class='ocrx_word' id='word_1_242' title='bbox 1128 2035 1196 2070; x_wconf 89' lang='grc' dir='ltr'>τὸν</span> <span class='ocrx_word' id='word_1_243' title='bbox 1223 2035 1449 2077; x_wconf 84' lang='grc' dir='ltr'>ἀποπαλμὸν</span> <span class='ocrx_word' id='word_1_244' title='bbox 1487 2036 1529 2069; x_wconf 91' lang='lat' dir='ltr'>ci.</span> <span class='ocrx_word' id='word_1_245' title='bbox 1558 2036 1706 2069; x_wconf 85' lang='lat' dir='ltr'>Schnei-</span> 
     </span>
     <span class='ocr_line' id='line_1_30' title="bbox 293 2092 1709 2140; baseline 0.001 -13"><span class='ocrx_word' id='word_1_246' title='bbox 293 2095 399 2130; x_wconf 76' lang='lat' dir='ltr'>derus</span> <span class='ocrx_word' id='word_1_247' title='bbox 437 2095 442 2138; x_wconf 75' lang='grc' dir='ltr'>ζ</span> <span class='ocrx_word' id='word_1_248' title='bbox 477 2092 610 2139; x_wconf 82' lang='grc' dir='ltr'>αὐτὸν]</span> <span class='ocrx_word' id='word_1_249' title='bbox 639 2095 718 2129; x_wconf 85' lang='lat' dir='ltr'><strong>fort.</strong></span> <span class='ocrx_word' id='word_1_250' title='bbox 745 2094 795 2129; x_wconf 79' lang='grc' dir='ltr'>αὖ</span> <span class='ocrx_word' id='word_1_251' title='bbox 835 2093 851 2139; x_wconf 73' lang='grc' dir='ltr'>ΙΙ</span> <span class='ocrx_word' id='word_1_252' title='bbox 890 2095 914 2128; x_wconf 82' lang='grc'><strong>4</strong></span> <span class='ocrx_word' id='word_1_253' title='bbox 938 2094 1113 2137; x_wconf 80' lang='grc' dir='ltr'>ἴσχουσαι</span> <span class='ocrx_word' id='word_1_254' title='bbox 1141 2095 1309 2133; x_wconf 86' lang='lat' dir='ltr'>conicias,</span> <span class='ocrx_word' id='word_1_255' title='bbox 1349 2105 1478 2128; x_wconf 82' lang='lat' dir='ltr'>uereor</span> <span class='ocrx_word' id='word_1_256' title='bbox 1509 2101 1548 2128; x_wconf 84' lang='lat' dir='ltr'>ut</span> <span class='ocrx_word' id='word_1_257' title='bbox 1573 2099 1669 2128; x_wconf 85' lang='lat' dir='ltr'><strong>recte</strong></span> <span class='ocrx_word' id='word_1_258' title='bbox 1702 2093 1709 2140; x_wconf 77' lang='grc' dir='ltr'>Ι</span> 
     </span>
    </p>
   </div>
   <div class='ocr_carea' id='block_1_11' title="bbox 284 2159 1707 2803">
    <p class='ocr_par' dir='ltr' id='par_1_13' title="bbox 292 2159 1707 2510">
     <span class='ocr_line' id='line_1_31' title="bbox 292 2159 1706 2216; baseline 0.001 -11"><span class='ocrx_word' id='word_1_259' title='bbox 292 2172 362 2214; x_wconf 81' lang='grc' dir='ltr'>τὴν</span> <span class='ocrx_word' id='word_1_260' title='bbox 388 2172 622 2215; x_wconf 86' lang='grc' dir='ltr'>περιπλοκὴν</span> <span class='ocrx_word' id='word_1_261' title='bbox 646 2172 730 2205; x_wconf 84' lang='lat' dir='ltr'>libri</span> <span class='ocrx_word' id='word_1_262' title='bbox 771 2171 786 2216; x_wconf 81' lang='grc' dir='ltr'>ΙΙ</span> <span class='ocrx_word' id='word_1_263' title='bbox 828 2171 849 2206; x_wconf 85' lang='grc'>5</span> <span class='ocrx_word' id='word_1_264' title='bbox 875 2170 978 2215; x_wconf 82' lang='grc' dir='ltr'>παρὰ</span> <span class='ocrx_word' id='word_1_265' title='bbox 996 2171 1028 2204; x_wconf 87' lang='lat' dir='ltr'>G</span> <span class='ocrx_word' id='word_1_266' title='bbox 1054 2182 1169 2215; x_wconf 87' lang='lat' dir='ltr'>neque</span> <span class='ocrx_word' id='word_1_267' title='bbox 1196 2171 1294 2204; x_wconf 83' lang='lat' dir='ltr'>aliud</span> <span class='ocrx_word' id='word_1_268' title='bbox 1319 2159 1403 2208; x_wconf 51' lang='lat' dir='ltr'>{F</span> <span class='ocrx_word' id='word_1_269' title='bbox 1427 2177 1593 2206; x_wconf 77' lang='lat' dir='ltr'><strong>testatur:</strong></span> <span class='ocrx_word' id='word_1_270' title='bbox 1620 2173 1706 2216; x_wconf 77' lang='grc' dir='ltr'>περὶ</span> 
     </span>
     <span class='ocr_line' id='line_1_32' title="bbox 292 2228 1704 2276; baseline 0.001 -14"><span class='ocrx_word' id='word_1_271' title='bbox 292 2230 447 2273; x_wconf 74' lang='lat' dir='ltr'><strong>BHPQf</strong></span> <span class='ocrx_word' id='word_1_272' title='bbox 466 2231 471 2272; x_wconf 71' lang='grc' dir='ltr'>ί</span> <span class='ocrx_word' id='word_1_273' title='bbox 493 2233 711 2273; x_wconf 83' lang='grc' dir='ltr'>πληκτικῶν</span> <span class='ocrx_word' id='word_1_274' title='bbox 728 2231 758 2263; x_wconf 88' lang='lat' dir='ltr'>F</span> <span class='ocrx_word' id='word_1_275' title='bbox 797 2228 818 2276; x_wconf 71' lang='grc' dir='ltr'>Η</span> <span class='ocrx_word' id='word_1_276' title='bbox 856 2231 878 2265; x_wconf 87' lang='grc'><strong>6</strong></span> <span class='ocrx_word' id='word_1_277' title='bbox 905 2231 1025 2273; x_wconf 82' lang='grc' dir='ltr'>αὐτὴν</span> <span class='ocrx_word' id='word_1_278' title='bbox 1055 2231 1140 2263; x_wconf 85' lang='lat' dir='ltr'>libri</span> <span class='ocrx_word' id='word_1_279' title='bbox 1166 2231 1310 2272; x_wconf 83' lang='lat' dir='ltr'>integri:</span> <span class='ocrx_word' id='word_1_280' title='bbox 1338 2230 1467 2266; x_wconf 79' lang='grc' dir='ltr'>αὐτῶν</span> <span class='ocrx_word' id='word_1_281' title='bbox 1490 2232 1521 2264; x_wconf 89' lang='lat' dir='ltr'>G</span> <span class='ocrx_word' id='word_1_282' title='bbox 1547 2238 1585 2264; x_wconf 87' lang='lat' dir='ltr'>ut</span> <span class='ocrx_word' id='word_1_283' title='bbox 1611 2231 1704 2264; x_wconf 81' lang='lat' dir='ltr'>coni.</span> 
     </span>
     <span class='ocr_line' id='line_1_33' title="bbox 293 2287 1707 2335; baseline 0.002 -14"><span class='ocrx_word' id='word_1_284' title='bbox 293 2290 489 2322; x_wconf 82' lang='lat' dir='ltr'>Schneider</span> <span class='ocrx_word' id='word_1_285' title='bbox 513 2291 656 2332; x_wconf 85' lang='grc' dir='ltr'>ἄτομον</span> <span class='ocrx_word' id='word_1_286' title='bbox 684 2290 904 2322; x_wconf 85' lang='lat' dir='ltr'>Meibomius</span> <span class='ocrx_word' id='word_1_287' title='bbox 945 2288 961 2333; x_wconf 86' lang='grc' dir='ltr'>ΙΙ</span> <span class='ocrx_word' id='word_1_288' title='bbox 1002 2290 1023 2322; x_wconf 89' lang='grc'><strong>7</strong></span> <span class='ocrx_word' id='word_1_289' title='bbox 1050 2290 1234 2333; x_wconf 83' lang='grc' dir='ltr'>στερότης</span> <span class='ocrx_word' id='word_1_290' title='bbox 1251 2290 1331 2333; x_wconf 71' lang='lat' dir='ltr'>P’Q</span> <span class='ocrx_word' id='word_1_291' title='bbox 1354 2289 1360 2332; x_wconf 83' lang='grc' dir='ltr'>Ι</span> <span class='ocrx_word' id='word_1_292' title='bbox 1382 2290 1406 2333; x_wconf 85' lang='grc' dir='ltr'>ἡ</span> <span class='ocrx_word' id='word_1_293' title='bbox 1432 2289 1631 2333; x_wconf 86' lang='grc' dir='ltr'>π’άρχουσα</span> <span class='ocrx_word' id='word_1_294' title='bbox 1649 2287 1707 2335; x_wconf 66' lang='lat' dir='ltr'>Gss</span> 
     </span>
     <span class='ocr_line' id='line_1_34' title="bbox 294 2348 1706 2393; baseline 0.001 -12"><span class='ocrx_word' id='word_1_295' title='bbox 294 2348 315 2381; x_wconf 87' lang='grc'>8</span> <span class='ocrx_word' id='word_1_296' title='bbox 341 2348 469 2389; x_wconf 75' lang='grc' dir='ltr'>αὐτοῖς</span> <span class='ocrx_word' id='word_1_297' title='bbox 495 2349 525 2381; x_wconf 73' lang='lat'>1⁴·</span> <span class='ocrx_word' id='word_1_298' title='bbox 547 2350 552 2391; x_wconf 76' lang='grc' dir='ltr'>Ι</span> <span class='ocrx_word' id='word_1_299' title='bbox 575 2349 802 2392; x_wconf 86' lang='grc' dir='ltr'>σύνκρουσιν</span> <span class='ocrx_word' id='word_1_300' title='bbox 829 2349 858 2380; x_wconf 88' lang='grc' dir='ltr'>Β</span> <span class='ocrx_word' id='word_1_301' title='bbox 893 2349 1087 2391; x_wconf 79' lang='grc' dir='ltr'>σύγκρισιν</span> <span class='ocrx_word' id='word_1_302' title='bbox 1114 2348 1262 2381; x_wconf 83' lang='lat' dir='ltr'>articulo</span> <span class='ocrx_word' id='word_1_303' title='bbox 1292 2349 1425 2381; x_wconf 76' lang='lat' dir='ltr'>omisso</span> <span class='ocrx_word' id='word_1_304' title='bbox 1451 2349 1469 2380; x_wconf 76' lang='lat' dir='ltr'>f</span> <span class='ocrx_word' id='word_1_305' title='bbox 1505 2348 1520 2392; x_wconf 80' lang='grc' dir='ltr'>ΙΙ</span> <span class='ocrx_word' id='word_1_306' title='bbox 1561 2348 1584 2382; x_wconf 89' lang='grc'>9</span> <span class='ocrx_word' id='word_1_307' title='bbox 1606 2358 1706 2393; x_wconf 87' lang='grc' dir='ltr'>περι-</span> 
     </span>
     <span class='ocr_line' id='line_1_35' title="bbox 293 2405 1705 2452; baseline 0.001 -11"><span class='ocrx_word' id='word_1_308' title='bbox 293 2405 447 2452; x_wconf 83' lang='grc' dir='ltr'>πλ[ο]κὴ</span> <span class='ocrx_word' id='word_1_309' title='bbox 466 2419 544 2440; x_wconf 74' lang='lat' dir='ltr'>eum</span> <span class='ocrx_word' id='word_1_310' title='bbox 564 2408 670 2440; x_wconf 86' lang='lat' dir='ltr'>litura</span> <span class='ocrx_word' id='word_1_311' title='bbox 688 2408 717 2439; x_wconf 88' lang='lat' dir='ltr'>B</span> <span class='ocrx_word' id='word_1_312' title='bbox 750 2407 765 2451; x_wconf 80' lang='grc'>11</span> <span class='ocrx_word' id='word_1_313' title='bbox 804 2408 847 2441; x_wconf 83' lang='grc'>10</span> <span class='ocrx_word' id='word_1_314' title='bbox 875 2407 1144 2450; x_wconf 86' lang='grc' dir='ltr'>συνκρούσεωσ</span> <span class='ocrx_word' id='word_1_315' title='bbox 1170 2407 1218 2439; x_wconf 85' lang='grc' dir='ltr'>Βι</span> <span class='ocrx_word' id='word_1_316' title='bbox 1239 2408 1245 2450; x_wconf 65' lang='lat'>2</span> <span class='ocrx_word' id='word_1_317' title='bbox 1268 2408 1348 2440; x_wconf 81' lang='lat' dir='ltr'><strong>fort.</strong></span> <span class='ocrx_word' id='word_1_318' title='bbox 1374 2407 1444 2441; x_wconf 82' lang='grc' dir='ltr'>οὐκ</span> <span class='ocrx_word' id='word_1_319' title='bbox 1470 2407 1573 2442; x_wconf 84' lang='grc' dir='ltr'>ἔστιν</span> <span class='ocrx_word' id='word_1_320' title='bbox 1591 2405 1705 2452; x_wconf 75' lang='grc' dir='ltr'>(οὐδὲ</span> 
     </span>
     <span class='ocr_line' id='line_1_36' title="bbox 292 2465 1704 2510; baseline -0.001 -10"><span class='ocrx_word' id='word_1_321' title='bbox 292 2466 422 2509; x_wconf 61' lang='grc' dir='ltr'>τέλος)</span> <span class='ocrx_word' id='word_1_322' title='bbox 458 2468 464 2508; x_wconf 89' lang='grc'>1</span> <span class='ocrx_word' id='word_1_323' title='bbox 498 2465 630 2501; x_wconf 83' lang='grc' dir='ltr'>αἰτίων</span> <span class='ocrx_word' id='word_1_324' title='bbox 656 2467 750 2505; x_wconf 86' lang='lat' dir='ltr'>libri,</span> <span class='ocrx_word' id='word_1_325' title='bbox 775 2468 845 2499; x_wconf 87' lang='lat' dir='ltr'>nisi</span> <span class='ocrx_word' id='word_1_326' title='bbox 871 2468 968 2510; x_wconf 86' lang='lat' dir='ltr'>quod</span> <span class='ocrx_word' id='word_1_327' title='bbox 995 2466 1125 2501; x_wconf 82' lang='grc' dir='ltr'>αἰτιῶν</span> <span class='ocrx_word' id='word_1_328' title='bbox 1152 2466 1250 2508; x_wconf 69' lang='lat'>1³¹9:</span> <span class='ocrx_word' id='word_1_329' title='bbox 1291 2477 1379 2499; x_wconf 84' lang='lat' dir='ltr'>corr.</span> <span class='ocrx_word' id='word_1_330' title='bbox 1408 2467 1518 2499; x_wconf 84' lang='lat' dir='ltr'>Henr.</span> <span class='ocrx_word' id='word_1_331' title='bbox 1545 2466 1704 2499; x_wconf 82' lang='lat' dir='ltr'>Weilius</span> 
     </span>
    </p>

    <p class='ocr_par' dir='ltr' id='par_1_14' title="bbox 284 2525 1704 2803">
     <span class='ocr_line' id='line_1_37' title="bbox 416 2525 1704 2570; baseline 0 -11"><span class='ocrx_word' id='word_1_332' title='bbox 416 2526 458 2559; x_wconf 86' lang='lat'>13</span> <span class='ocrx_word' id='word_1_333' title='bbox 487 2526 621 2569; x_wconf 85' lang='grc' dir='ltr'>ἄπειρα</span> <span class='ocrx_word' id='word_1_334' title='bbox 647 2526 683 2558; x_wconf 83' lang='grc' dir='ltr'><strong>Η</strong></span> <span class='ocrx_word' id='word_1_335' title='bbox 704 2526 710 2568; x_wconf 82' lang='grc'>1</span> <span class='ocrx_word' id='word_1_336' title='bbox 733 2525 875 2570; x_wconf 81' lang='grc' dir='ltr'>λήγειν]</span> <span class='ocrx_word' id='word_1_337' title='bbox 894 2526 993 2566; x_wconf 88' lang='grc' dir='ltr'>λέγει</span> <span class='ocrx_word' id='word_1_338' title='bbox 1011 2526 1113 2558; x_wconf 83' lang='lat' dir='ltr'>libri:</span> <span class='ocrx_word' id='word_1_339' title='bbox 1141 2525 1245 2567; x_wconf 80' lang='grc' dir='ltr'>λήγει</span> <span class='ocrx_word' id='word_1_340' title='bbox 1270 2525 1555 2557; x_wconf 87' lang='lat' dir='ltr'>CFHermannus</span> <span class='ocrx_word' id='word_1_341' title='bbox 1574 2526 1704 2559; x_wconf 76' lang='lat' dir='ltr'><em>ztschr.</em></span> 
     </span>
     <span class='ocr_line' id='line_1_38' title="bbox 284 2582 1704 2629; baseline -0.002 -11"><span class='ocrx_word' id='word_1_342' title='bbox 284 2585 322 2629; x_wconf 88' lang='lat' dir='ltr'>s.</span> <span class='ocrx_word' id='word_1_343' title='bbox 342 2586 375 2618; x_wconf 80' lang='lat' dir='ltr'>d.</span> <span class='ocrx_word' id='word_1_344' title='bbox 400 2585 662 2617; x_wconf 75' lang='lat' dir='ltr'><em>alterthumsw.</em></span> <span class='ocrx_word' id='word_1_345' title='bbox 693 2584 783 2618; x_wconf 69' lang='lat'>1834</span> <span class='ocrx_word' id='word_1_346' title='bbox 809 2595 844 2627; x_wconf 91' lang='lat' dir='ltr'>p.</span> <span class='ocrx_word' id='word_1_347' title='bbox 868 2584 934 2618; x_wconf 87' lang='grc'>110</span> <span class='ocrx_word' id='word_1_348' title='bbox 975 2584 992 2628; x_wconf 69' lang='grc' dir='ltr'><strong>Η</strong></span> <span class='ocrx_word' id='word_1_349' title='bbox 1036 2585 1077 2617; x_wconf 88' lang='grc'>14</span> <span class='ocrx_word' id='word_1_350' title='bbox 1104 2584 1230 2625; x_wconf 83' lang='grc' dir='ltr'>μέλλοι</span> <span class='ocrx_word' id='word_1_351' title='bbox 1256 2584 1321 2616; x_wconf 86' lang='lat' dir='ltr'>BG</span> <span class='ocrx_word' id='word_1_352' title='bbox 1354 2583 1359 2626; x_wconf 86' lang='grc' dir='ltr'>Ι</span> <span class='ocrx_word' id='word_1_353' title='bbox 1396 2583 1524 2624; x_wconf 84' lang='grc' dir='ltr'>ἁπλῶς</span> <span class='ocrx_word' id='word_1_354' title='bbox 1550 2594 1608 2616; x_wconf 90' lang='lat' dir='ltr'>om</span> <span class='ocrx_word' id='word_1_355' title='bbox 1635 2584 1666 2615; x_wconf 88' lang='lat' dir='ltr'><strong>F</strong></span> <span class='ocrx_word' id='word_1_356' title='bbox 1692 2582 1704 2627; x_wconf 65' lang='lat'>1}</span> 
     </span>
     <span class='ocr_line' id='line_1_39' title="bbox 296 2641 1704 2687; baseline -0.001 -11"><span class='ocrx_word' id='word_1_357' title='bbox 296 2643 338 2676; x_wconf 78' lang='lat'>16</span> <span class='ocrx_word' id='word_1_358' title='bbox 366 2642 398 2677; x_wconf 80' lang='grc' dir='ltr'>δ’</span> <span class='ocrx_word' id='word_1_359' title='bbox 426 2644 505 2676; x_wconf 82' lang='lat' dir='ltr'>BG:</span> <span class='ocrx_word' id='word_1_360' title='bbox 533 2643 574 2677; x_wconf 76' lang='grc' dir='ltr'>δὲ</span> <span class='ocrx_word' id='word_1_361' title='bbox 600 2643 733 2686; x_wconf 76' lang='lat' dir='ltr'>FHPQ</span> <span class='ocrx_word' id='word_1_362' title='bbox 766 2644 806 2678; x_wconf 78' lang='grc' dir='ltr'>δὲ</span> <span class='ocrx_word' id='word_1_363' title='bbox 833 2643 1117 2687; x_wconf 86' lang='grc' dir='ltr'>παρερχομένου</span> <span class='ocrx_word' id='word_1_364' title='bbox 1145 2643 1163 2674; x_wconf 81' lang='lat' dir='ltr'>s</span> <span class='ocrx_word' id='word_1_365' title='bbox 1196 2642 1211 2686; x_wconf 72' lang='lat' dir='ltr'>ss</span> <span class='ocrx_word' id='word_1_366' title='bbox 1256 2642 1298 2675; x_wconf 88' lang='lat'>17</span> <span class='ocrx_word' id='word_1_367' title='bbox 1326 2645 1439 2676; x_wconf 83' lang='grc' dir='ltr'>κινεῖν</span> <span class='ocrx_word' id='word_1_368' title='bbox 1466 2642 1484 2674; x_wconf 80' lang='lat' dir='ltr'>f</span> <span class='ocrx_word' id='word_1_369' title='bbox 1513 2642 1519 2685; x_wconf 68' lang='grc' dir='ltr'>ί</span> <span class='ocrx_word' id='word_1_370' title='bbox 1551 2641 1621 2677; x_wconf 82' lang='grc' dir='ltr'>ἴξιν</span> <span class='ocrx_word' id='word_1_371' title='bbox 1646 2647 1704 2675; x_wconf 86' lang='lat' dir='ltr'>aut</span> 
     </span>
     <span class='ocr_line' id='line_1_40' title="bbox 293 2700 1703 2747; baseline 0 -11"><span class='ocrx_word' id='word_1_372' title='bbox 293 2701 359 2736; x_wconf 85' lang='grc' dir='ltr'>ι’ξιν</span> <span class='ocrx_word' id='word_1_373' title='bbox 381 2701 448 2743; x_wconf 73' lang='lat' dir='ltr'>(sic</span> <span class='ocrx_word' id='word_1_374' title='bbox 468 2702 563 2745; x_wconf 66' lang='lat' dir='ltr'>P’Q)</span> <span class='ocrx_word' id='word_1_375' title='bbox 588 2702 688 2734; x_wconf 83' lang='lat' dir='ltr'>libri:</span> <span class='ocrx_word' id='word_1_376' title='bbox 716 2713 803 2737; x_wconf 81' lang='lat' dir='ltr'>corr.</span> <span class='ocrx_word' id='word_1_377' title='bbox 823 2703 1017 2735; x_wconf 82' lang='lat' dir='ltr'>Kuehnius</span> <span class='ocrx_word' id='word_1_378' title='bbox 1041 2703 1046 2743; x_wconf 67' lang='grc' dir='ltr'>ι</span> <span class='ocrx_word' id='word_1_379' title='bbox 1068 2702 1329 2747; x_wconf 86' lang='grc' dir='ltr'>παρεχομένου</span> <span class='ocrx_word' id='word_1_380' title='bbox 1357 2700 1491 2743; x_wconf 78' lang='grc' dir='ltr'>ὁμοίαν</span> <span class='ocrx_word' id='word_1_381' title='bbox 1509 2701 1539 2733; x_wconf 85' lang='lat' dir='ltr'>F</span> <span class='ocrx_word' id='word_1_382' title='bbox 1563 2701 1568 2743; x_wconf 93' lang='grc' dir='ltr'>Ι</span> <span class='ocrx_word' id='word_1_383' title='bbox 1590 2710 1703 2745; x_wconf 82' lang='grc' dir='ltr'>παρε·</span> 
     </span>
     <span class='ocr_line' id='line_1_41' title="bbox 294 2762 842 2803; baseline -0.004 -7"><span class='ocrx_word' id='word_1_384' title='bbox 294 2762 454 2803; x_wconf 79' lang='grc' dir='ltr'>χουένου</span> <span class='ocrx_word' id='word_1_385' title='bbox 483 2771 515 2796; x_wconf 86' lang='grc' dir='ltr'>κ.</span> <span class='ocrx_word' id='word_1_386' title='bbox 542 2771 573 2794; x_wconf 88' lang='grc' dir='ltr'>τ.</span> <span class='ocrx_word' id='word_1_387' title='bbox 602 2771 714 2803; x_wconf 89' lang='grc' dir='ltr'>κουφ.</span> <span class='ocrx_word' id='word_1_388' title='bbox 742 2771 799 2794; x_wconf 88' lang='lat' dir='ltr'>om</span> <span class='ocrx_word' id='word_1_389' title='bbox 826 2762 842 2794; x_wconf 82' lang='lat' dir='ltr'>f</span> 
     </span>
    </p>
   </div>
  </div>
 </body>
</html>
