1846 3288
36 590 81 623 88

65 668 82 693 5

51 1028 84 1053 10

35 1241 80 1275 89

49 1394 82 1420 15

556 242 803 276 EPISTVLA
836 242 1070 275 SECVNDA
1477 241 1522 276 37

106 359 153 401 ἐν
183 361 275 409 τοῖς
311 357 545 409 μετεώροις
583 359 945 409 συντελουμένων
984 358 1134 409 φέρειν
1176 359 1263 399 τῶν
1294 361 1394 409 παρ’
1425 358 1524 408 ἡμῖν

104 446 199 474 τινα
238 432 530 483 φαινομένων,
578 431 604 472 ἃ
636 433 860 482 θεωρεῖται
890 431 915 485 ᾗ
949 431 1140 482 ὑπάρχει,
1186 431 1255 472 καὶ
1292 430 1344 472 οὐ
1385 431 1438 471 τὰ
1477 430 1524 471 ἐν

105 507 196 555 τοῖς
228 503 461 555 μετεώροις
493 503 759 555 φαινόμενα·
807 505 943 545 ταῦτα
974 505 1056 554 γὰρ
1089 504 1309 554 ἐνδέχεται
1339 505 1524 543 πλεονα-

106 579 195 628 χῶς
216 577 431 626 γενέσθαι.
464 577 513 617 τὸ
546 577 691 625 μέντοι
722 576 960 628 φάντασμα
994 576 1181 618 ἑκάστου
1213 576 1424 627 τηρητέον
1457 575 1524 616 καὶ

105 649 167 691 ἔτι
197 650 250 691 τὰ
281 649 590 699 συναπτόμενα
628 648 770 703 τούτῳ
803 650 1054 700 διαιρετέον,
1098 649 1124 690 ἃ
1156 649 1236 691 οὐκ
1270 647 1523 699 ἀντιμαρτυ-

105 725 239 774 ρεῖται
269 724 360 772 τοῖς
390 721 490 772 παρ’
514 721 611 772 ἡμῖν
642 722 888 772 γινομένοις
918 724 1177 773 πλεοναχῶς
1207 724 1523 763 συντελεῖσθαι.

222 794 394 845 Κόσμος
425 794 518 835 ἐστὶ
548 794 727 844 περιοχή
759 807 823 844 τις
854 794 1062 847 οὐρανοῦ,
1094 793 1235 846 ἄστρα
1267 808 1312 836 τε
1346 795 1413 835 καὶ
1444 796 1523 844 γῆν

105 867 174 909 καὶ
212 866 353 908 πάντα
393 866 446 907 τὰ
483 866 726 918 φαινόμενα
769 867 1047 921 περιέχουσα,
1095 866 1320 918 ἀποτομὴν
1358 867 1525 918 ἔχουσα

106 939 192 981 ἀπὸ
233 941 311 981 τοῦ
353 939 533 990 ἀπείρου
576 939 643 980 καὶ
684 939 880 989 λήγουσα
920 940 946 991 ἢ
984 940 1031 981 ἐν
1072 940 1371 993 περιαγομένῳ
1409 940 1435 990 ἢ
1477 940 1524 980 ἐν

106 1012 263 1054 στάσιν
295 1012 436 1063 ἔχοντι
470 1012 537 1053 καὶ
567 1012 842 1063 στρογγύλην
865 1012 889 1062 ἠ
909 1013 1124 1063 τρίγωνον
1153 1013 1177 1063 ἢ
1206 1012 1302 1054 οἵαν
1335 1013 1388 1062 δή
1418 1026 1523 1053 ποτε

104 1085 388 1137 περιγραφήν.
448 1087 682 1134 πανταχῶς
719 1085 800 1135 γὰρ
841 1084 1080 1135 ε’νδεχεται·
1127 1087 1215 1126 τῶν
1254 1086 1334 1136 γὰρ
1372 1099 1523 1136 φαινο-

106 1160 248 1210 μένων
288 1158 417 1201 οὐδὲν
457 1158 758 1209 ἀντιμαρτυρεῖ
794 1155 899 1215 (ἐν)
937 1162 1047 1213 τῷδε
1090 1162 1151 1213 τῷ
1193 1158 1356 1212 κόσμῳ,
1403 1159 1450 1199 ἐν
1490 1159 1523 1209 ᾧ

106 1234 239 1282 λῆγον
271 1234 350 1273 οὐκ
382 1231 474 1273 ἔστι
506 1232 774 1282 καταλαβεῖν.
835 1229 930 1272 Ὅτι
962 1232 1009 1272 δὲ
1042 1232 1109 1271 καὶ
1141 1233 1330 1272 τοιοῦτοι
1370 1232 1525 1281 κόσμοι

106 1304 214 1347 εἰσὶν
252 1304 418 1356 ἄπειροι
451 1305 500 1345 τὸ
531 1306 708 1354 πλῆθος,
757 1303 850 1344 ἔστι
887 1306 1157 1355 καταλαβεῖν,
1205 1305 1272 1345 καὶ
1305 1304 1369 1345 ὅτι
1401 1303 1466 1344 καὶ
1500 1303 1524 1344 ὁ

105 1379 306 1428 τοιοῦτος
343 1377 522 1419 δύναται
560 1377 726 1428 κόσμος
757 1377 952 1426 γίνεσθαι
992 1378 1058 1418 καὶ
1091 1377 1138 1418 ἐν
1172 1378 1322 1431 κόσμιιι
1356 1377 1421 1418 καὶ
1456 1390 1523 1426 με-

105 1451 338 1505 τακοσμίῳ,
384 1450 408 1491 ὃ
441 1450 624 1500 λέγομεν
656 1451 812 1501 μεταξὺ
844 1450 1022 1500 κόσμων
1055 1450 1281 1501 διάστημα,
1315 1449 1361 1493 ἐν
1393 1451 1524 1491 πολυ-

106 1525 217 1579 κένῳ
247 1524 369 1579 τόπῳ
402 1523 468 1564 καὶ
501 1522 580 1564 οὐκ
610 1523 657 1564 ἐν
690 1523 863 1576 μεγάλῳ
902 1522 1114 1574 εἰλικρινεῖ
1145 1524 1213 1564 καὶ
1244 1537 1368 1577 κενῳ,
1416 1523 1523 1564 καθά

225 1659 246 1692 9
275 1657 486 1701 ἀπείρου·
531 1658 590 1691 καὶ
618 1657 887 1698 καταλήγουσα
914 1658 953 1692 ἐν
982 1658 1116 1700 πέρατι
1142 1658 1164 1699 ἢ
1194 1657 1314 1700 ἀραιῷ
1341 1656 1366 1699 ἢ
1392 1661 1524 1701 πυκνῷ

106 1725 416 1753 ADmTAMEN'rVM
442 1718 487 1749 ad
512 1728 545 1749 u.
573 1716 595 1750 9

227 1777 287 1811 καὶ
312 1776 374 1811 “οὗ
400 1776 588 1818 λυομένου
614 1775 740 1810 πάντα
765 1776 813 1810 τὰ
841 1776 881 1810 ἐν
907 1778 1012 1820 αὐτῷ
1041 1776 1221 1817 σύγχυσιν
1248 1775 1425 1819 kiwe-rou*
1460 1781 1527 1808 An—

106 1843 362 1870 mTAMEN'rVM
389 1836 431 1868 ad
459 1847 492 1867 u.
521 1836 540 1868 7
561 1846 613 1878 sq.

227 1949 248 1982 2
274 1949 486 1992 φαινόμενα
514 1949 537 1983 ἃ
563 1951 592 1981 Β
631 1949 635 1991 Ι
675 1950 697 1993 ῇ
725 1950 885 1992 ⁷StVoltjer
917 1951 960 1981 de
988 1950 1089 1981 Lucr.
1119 1949 1352 1992 philosophia
1383 1961 1416 1991 p⁴
1443 1949 1525 1983 118:

106 2008 128 2050 ἢ
155 2008 238 2041 libri
287 2008 302 2051 Η
351 2008 371 2041 3
399 2007 487 2053 γὰρ]
516 2009 588 2052 γὰρ
615 2008 637 2042 ἃ
665 2010 861 2050 Θειυρεῑται
889 2008 910 2050 ἢ
939 2008 1114 2050 ὑπάρχει·
1145 2009 1204 2041 καὶ
1232 2009 1357 2048 οὕτως
1384 2009 1423 2041 ἐν
1448 2010 1526 2048 τοῖς

105 2068 308 2110 μετεώροις
331 2067 559 2109 φαινόμενα·
587 2070 707 2101 ταῦτα
730 2067 802 2109 γὰρ
820 2068 849 2099 F
873 2067 877 2109 Ι
900 2068 972 2110 γὰρ
991 2068 1036 2101 οὐ
1059 2067 1205 2109 δέχεται
1225 2067 1241 2097 f
1268 2067 1282 2110 Η
1313 2070 1336 2099 4
1355 2067 1528 2101 ἑκάοτων

106 2128 130 2159 f.
157 2127 235 2160 fon.
263 2127 425 2160 ἕκαστον
477 2124 493 2171 ΙΙ
543 2127 563 2160 5
593 2127 663 2170 ἔτι]
691 2127 750 2161 ἐπὶ
778 2127 860 2158 libri
908 2126 923 2169 Η
976 2127 997 2159 6
1025 2127 1243 2167 γενομένοις
1270 2127 1305 2157 H
1351 2128 1364 2167 Η
1415 2126 1438 2160 9
1465 2128 1525 2160 καὶ

105 2185 297 2227 λήγουσαν
324 2186 424 2218 libri:
454 2197 541 2218 corr.
570 2187 778 2218 Gassendus
811 2186 815 2228 Ι
848 2186 870 2226 ἠ
899 2176 1207 2230 ἐμπεριαγομένῳ
1237 2185 1252 2216 s
1272 2188 1275 2225 ι
1299 2185 1321 2227 ἢ
1350 2186 1526 2219 ἔνστασιν

105 2245 204 2278 libri:
221 2255 312 2278 corr.
327 2244 532 2279 Gassendus
564 2244 578 2287 Η
614 2245 654 2278 10
674 2246 734 2278 καὶ
753 2245 774 2286 ἢ
798 2253 949 2287 στρογγ.
967 2246 1060 2277 idem
1091 2245 1106 2288 Η
1141 2245 1176 2277 11
1199 2249 1394 2287 πανταχοῦ
1412 2246 1499 2286 H2Q
1517 2242 1527 2289 ΙΙ

108 2303 152 2336 12
179 2302 218 2336 ἑν
244 2303 359 2347 τῷδε]
385 2304 483 2337 τῶδε
511 2304 595 2335 libri
622 2304 691 2335 nisi
720 2304 816 2346 quod
845 2303 933 2337 τόδε
960 2303 986 2334 F
1037 2303 1052 2347 Η
1109 2304 1150 2336 14
1178 2305 1247 2339 εἱσι
1277 2305 1307 2345 Q
1342 2305 1346 2346 ί
1383 2305 1442 2337 καὶ
1469 2306 1525 2338 ὸτι

106 2360 182 2406 καὶ]
201 2363 262 2396 καὶ
280 2362 338 2395 ὅτι
357 2362 597 2394 Schneiderus
640 2363 655 2406 Η
702 2363 742 2396 15
770 2364 850 2395 sort.
871 2363 1001 2406 κόσμῳ
1029 2363 1098 2396 κάν
1123 2363 1126 2404 Ι
1151 2362 1426 2406 μετακοσίμί]ω
1447 2363 1493 2394 ΒΨ·
1517 2362 1527 2406 11

108 2422 151 2454 16
177 2421 378 2463 λέγομενιιο
401 2422 431 2452 I'
454 2423 457 2463 Ι
482 2421 623 2462 κόσμον
643 2421 745 2462 HPQ
768 2422 772 2464 ξ
796 2419 852 2466 ἐν]
874 2422 895 2462 ἢ
920 2423 948 2453 F
982 2420 997 2466 Η
1036 2422 1077 2454 17
1105 2423 1145 2454 cf.
1168 2422 1370 2464 Leucippus
1389 2423 1528 2465 Hippo-

104 2480 170 2522 lyti
188 2480 275 2523 phil.
299 2480 341 2512 12
359 2492 393 2523 p.
413 2480 495 2523 564,
514 2480 559 2513 29
579 2481 623 2514 D.
651 2482 815 2522 κόσμους
841 2480 1021 2523 γίνεσθαι,
1051 2481 1143 2514 ὅταν
1163 2482 1216 2522 εἰς
1234 2480 1328 2522 μέγα
1357 2481 1466 2514 κενὸν
1486 2481 1526 2514 ἐκ

105 2541 174 2572 τοῦ
200 2539 443 2581 περιέχοντος
470 2540 653 2583 ἀθροισθῇ
682 2541 803 2574 πολλὰ
833 2541 1002 2582 σώματα,
1029 2541 1164 2573 Laertii
1192 2548 1233 2573 lx
1263 2541 1304 2573 31

227 2598 272 2632 18
290 2609 342 2642 sq.
369 2609 410 2630 ex
436 2600 592 2642 Epicuro
621 2600 786 2642 suppleta
816 2600 858 2632 cf.
878 2601 1008 2631 Aetius
1028 2607 1057 2632 11
1078 2601 1111 2639 7,
1131 2601 1150 2632 3
1171 2611 1201 2642 p.
1221 2600 1289 2633 336
1307 2600 1351 2631 D.
1377 2600 1382 2639 i
1406 2599 1526 2641 ἀραιῶ

106 2657 136 2687 Ρ
166 2655 266 2698 (ipah
296 2658 324 2688 Β
367 2656 383 2700 Η
427 2657 566 2691 18-20
593 2659 799 2690 continuant
825 2658 921 2690 libri.
973 2658 1069 2701 quod
1105 2659 1263 2701 sequitur
1292 2659 1524 2699 fragmentum

106 2715 253 2757 Epicuri
277 2720 376 2758 patet
403 2726 482 2748 esse
515 2727 557 2748 ex
586 2717 793 2749 definitione
819 2718 963 2759 κόσμου
993 2718 1142 2760 petitum
1196 2717 1211 2760 Η
1267 2717 1314 2750 20
1341 2718 1385 2752 οὑ
1413 2728 1455 2750 ex
1481 2717 1525 2751 οὐ

107 2784 196 2808 corr.
222 2776 258 2807 H
281 2774 287 2819 Ι
308 2774 496 2819 λήψονται
522 2776 552 2809 F
