1842 3250
59 958 132 993 459

101 1033 129 1057 1²

103 1293 134 1318 15

103 1615 137 1641 20

103 1941 138 1967 25

656 246 861 280 EPICVRI
886 247 1075 279 ETHICA
1499 247 1570 280 297

156 361 218 395 διὰ
243 360 400 396 πάντων
426 360 566 406 διέλθῃ,
591 363 652 396 καὶ
677 361 770 405 ὅρον
796 363 916 396 Θεῑναι
934 360 979 395 τὸ
997 360 1216 403 ἀναγκαῖον,
1245 361 1295 403 μὴ
1313 360 1358 395 τὸ
1377 359 1570 404 ἀόριστον.

156 425 259 459 οὕτω
291 424 364 468 γὰρ
395 427 457 460 καί
494 428 610 460 τοῦτο
645 424 840 469 εἰληφέναι
874 425 919 460 τὸ
952 425 1201 468 ἐνδεχόμενον
1239 425 1383 467 ἀγαθὸν
1422 425 1571 460 ἐνέσται

156 489 216 524 διὰ
241 491 311 533 τῆς
336 489 561 533 αὐταρκείας
587 491 647 525 καὶ
674 491 895 532 ὁμοιώσεως
921 492 976 534 τῷ
1002 492 1097 534 θεῷ·
1131 491 1255 531 οὕτως
1280 489 1361 524 οὐδ’
1389 490 1485 524 αὐτὸ
1511 490 1571 524 ἐπὶ

155 552 272 589 πλέον
304 553 465 597 ποθήσει
497 554 587 590 οὐδὲ
621 555 691 589 τὸν
724 555 863 598 χρόνον
899 555 950 597 ὡς
986 554 1258 599 προσθήσοντα
1299 554 1403 598 αὐτῷ
1444 557 1571 596 μεῖζον

155 618 316 660 ἀγαθόν·
359 619 486 661 οὕτως
517 618 548 653 δ’
575 618 624 653 αὖ
656 619 845 661 ἀληθινῶς
875 618 1082 662 πλουτήσει
1117 622 1174 663 τῷ
1208 622 1360 664 φυσικῷ
1393 619 1472 664 ὅρῳ
1504 619 1573 654 τὸν

155 684 324 718 πλοῦτον
355 685 515 727 μετρῶν,
549 683 595 718 οὐ
622 683 746 725 δόξαις
771 688 916 726 κεναῖς·
956 685 1080 726 οὕτως
1108 685 1177 718 οὐκ
1205 684 1263 718 ἐπ’·
1291 683 1412 719 ἑλπίδι
1438 683 1572 728 κρεμή-

155 756 261 783 σεται
294 746 472 790 μεγίστης
504 747 645 790 ἡδονῆς
672 746 798 783 πίστιν
824 748 894 782 οὐκ
921 748 1061 792 ἐχούσῃ
1088 751 1157 783 τοῦ
1185 749 1360 790 γενέσθαι
1387 749 1573 792 (θορυβω-

155 811 321 856 δεστάτη
346 812 419 856 γὰρ
445 812 572 855 αὕτη),
611 812 690 847 ἀλλ’
719 813 760 847 ἐν
782 812 985 858 αὐταρκείᾳ
1017 816 1088 847 τοῦ
1114 813 1305 856 παρόντος
1332 814 1392 848 καὶ
1417 814 1573 856 γεγονό-

155 887 222 919 τος
246 876 321 920 ἤδη
350 879 452 919 μενεῖ
482 876 572 911 οὐδὲ
599 875 802 919 ἀγωνιάσει
829 877 880 920 μὴ
907 877 974 911 τὸν
1001 876 1158 912 πλείονα
1189 878 1329 922 χρόνον
1361 878 1573 923 παραμένῃ.

279 957 420 993 010880
445 960 550 993 Tusc.
570 959 663 1003 disp.
683 966 705 992 v
725 960 782 996 34,
799 959 843 992 97
871 959 945 992 ‘his
971 960 1103 992 similia
1122 961 1165 992 ad
1186 960 1316 993 uictum
1337 961 1443 993 etiam
1461 966 1572 994 trans-

158 1024 326 1063 feruntur,
366 1029 645 1067 extenuaturque
677 1024 940 1066 magnificentia
977 1030 1012 1057 et
1047 1030 1208 1068 sumptus
1241 1024 1436 1068 epularum,
1476 1025 1574 1068 quod

156 1099 269 1132 paruo
296 1089 394 1122 cultu
420 1095 543 1122 natura
570 1094 737 1123 contenta
763 1090 820 1122 sit.
865 1090 995 1122 etenim
1026 1090 1107 1133 quis
1133 1090 1203 1123 hoc
1229 1100 1301 1122 non
1327 1090 1439 1129 uidet,
1479 1090 1572 1123 desi-

158 1153 267 1186 deriis
294 1154 413 1187 omnia
438 1153 505 1187 ista
531 1154 691 1187 condiri?
727 1178 848 1188 .....
875 1153 950 1198 (99)
975 1165 1186 1198 quamquam
1212 1155 1242 1187 si
1268 1155 1442 1198 quaedam
1469 1155 1574 1188 etiam

158 1218 326 1252 suauiora
350 1224 472 1252 natura
499 1219 692 1258 desideret,
717 1230 820 1262 quam
841 1219 951 1252 multa
969 1229 1011 1252 ex
1030 1223 1123 1252 terra
1140 1219 1399 1262 arboribusque
1425 1219 1575 1261 gignun-

157 1290 216 1317 tur
239 1295 318 1317 cum
344 1285 449 1328 copia
475 1284 574 1317 facili
598 1288 671 1316 tum
698 1284 873 1316 suauitate
899 1283 1103 1326 praestanti.
1139 1283 1231 1315 adde
1260 1284 1454 1316 siccitatem
1484 1295 1574 1327 quae

158 1349 387 1392 consequitur
414 1349 504 1381 hanc
529 1348 783 1381 continentiam
808 1347 844 1380 in
870 1348 977 1386 uictu,
1020 1347 1111 1380 adde
1137 1348 1373 1389 integritatem
1398 1348 1575 1381 ualetudi-

159 1414 230 1447 nis:
258 1413 380 1446 confer
401 1414 562 1446 sudantis
587 1413 757 1446 ructantis
785 1413 935 1445 refertos
963 1412 1076 1456 epulis
1096 1419 1273 1456 tamquam
1292 1413 1431 1456 opimos
1449 1412 1571 1445 bouis:

158 1488 233 1512 tum
255 1478 459 1520 intelleges,
490 1479 552 1522 qui
577 1478 797 1521 uoluptatem
823 1478 974 1511 maxime
1000 1482 1202 1521 sequantur,
1230 1488 1292 1509 eos
1319 1477 1462 1510 minime
1490 1487 1573 1509 con-

161 1545 274 1587 sequi,
300 1543 629 1586 iucunditatemque
646 1543 759 1575 uictus
778 1552 857 1575 esse
876 1544 911 1574 in
931 1543 1124 1581 desiderio,
1148 1552 1221 1574 non
1241 1543 1277 1574 in
1295 1543 1459 1574 satietate
1478 1568 1486 1575 .
1507 1567 1515 1575 .
1534 1568 1541 1576 .

161 1606 335 1651 (35,102)
362 1609 440 1641 dies
460 1608 615 1647 deficiat,
642 1608 673 1641 si
695 1608 800 1641 uelim
818 1607 1036 1651 paupertatis
1056 1617 1198 1640 causam
1222 1606 1428 1640 defendere.
1454 1612 1576 1650 aperta

160 1673 252 1705 enim
279 1684 334 1706 res
362 1678 416 1706 est
443 1679 478 1705 et
503 1672 634 1706 cotidie
660 1683 726 1706 nos
752 1671 832 1716 ipsa
857 1678 978 1705 natura
997 1673 1176 1711 admonet,
1203 1682 1308 1714 quam
1326 1671 1447 1714 paruis
1468 1671 1575 1704 rebus

160 1743 274 1779 egeat,
302 1748 405 1781 quam
431 1737 596 1770 uilibus’.

158 1802 207 1836 id.
232 1802 320 1835 ibid.
348 1809 371 1835 v
397 1802 430 1841 9,
451 1803 497 1837 26
535 1802 676 1835 ‘laudat
711 1806 854 1836 tenuem
880 1803 1012 1834 uictum
1039 1800 1263 1845 (Epicurus):
1299 1800 1509 1844 philosophi
1537 1800 1576 1833 id

159 1868 317 1911 quidem,
357 1868 420 1900 sed
449 1868 476 1900 si
503 1867 669 1901 Socrates
700 1873 759 1900 aut
785 1867 1022 1900 Antisthenes
1050 1867 1191 1904 diceret,
1232 1876 1302 1898 non
1329 1866 1358 1897 is
1387 1866 1445 1909 qui
1472 1865 1576 1897 finem

161 1933 337 1965 bonorum
370 1932 591 1976 uoluptatem
624 1943 702 1965 esse
733 1931 890 1966 dixerit².
941 1939 986 1965 ln
1017 1931 1141 1970 20,49
1173 1929 1400 1974 ¹(Epicurus)
1435 1934 1577 1963 tenuem

158 1998 291 2030 uictum
318 1997 470 2030 antefert
495 1998 645 2041 copioso
656 1996 676 2031 ².
816 2002 838 2010 “

160 2063 204 2096 cf.
231 2063 384 2095 Ioannes
411 2062 514 2096 Stob.
540 2062 646 2096 florii.
673 2069 757 2095 xvn
784 2062 829 2096 43
870 2060 968 2096 ἅπαξ
1000 2061 1041 2096 δέ
1074 2070 1170 2095 ποτε
1203 2058 1468 2103 (Μουσώνιος)
1497 2059 1578 2092 τῶν

160 2127 284 2162 ἄλλων
316 2126 506 2170 ἀφέμενος
537 2127 663 2169 λόγων
697 2126 764 2169 οὓς
797 2126 981 2161 ἑκάστοτε
1015 2125 1150 2170 διεξῄει
1185 2125 1310 2159 τοιάδε
1343 2124 1428 2158 τινὰ
1460 2123 1577 2166 εἶπεν,

283 2311 296 2343 l
328 2309 396 2355 μὴ]
423 2310 447 2352 ἢ
474 2309 571 2349 libri,
597 2311 695 2354 quod
724 2311 851 2342 trustra
878 2309 913 2341 in
941 2308 1007 2341 hac
1033 2308 1177 2352 quidem
1202 2307 1379 2340 sententia
1393 2306 1578 2339 Rhoerius

160 2369 328 2401 tuebatur
373 2370 379 2412 Ι
431 2369 454 2402 2
479 2369 606 2404 τούτω
632 2368 718 2401 libri
771 2370 777 2410 Ι
829 2370 850 2402 3
877 2369 985 2400 immo
1012 2366 1194 2408 ὁμοίωσιν
1228 2367 1235 2410 Ι
1268 2369 1338 2400 τοῦ
1369 2368 1459 2400 θεοῦ
1485 2365 1579 2399 libri.

162 2427 208 2460 cf.
235 2427 277 2462 fr.
297 2427 366 2461 602
414 2430 420 2470 Ι
467 2428 489 2461 6
515 2426 635 2463 ἐλπίσι
662 2428 747 2460 libri
792 2427 798 2470 l
843 2428 862 2461 7
892 2426 1054 2470 ἐχούσης
1077 2425 1161 2459 libri
1192 2425 1198 2469 Ι
1227 2436 1270 2458 an
1295 2424 1542 2467 γενήσεσθαιὲ
1576 2421 1581 2468 1

163 2486 185 2519 9
212 2487 441 2531 παραμένειν
469 2487 553 2522 libri
587 2487 602 2531 Η
640 2488 683 2521 10
708 2486 780 2531 his]
807 2498 840 2521 ιι.
870 2488 908 2519 [ι’.
930 2487 998 2520 439
1036 2486 1042 2528 l
1083 2485 1124 2519 11
1142 2496 1218 2529 sqq.
1246 2486 1289 2517 cs.
1315 2486 1487 2517 Horatius
1514 2489 1579 2518 sat.

161 2553 194 2579 11
212 2546 245 2585 2,
263 2546 406 2580 70—88
440 2547 446 2590 l
481 2547 523 2580 17
539 2558 591 2590 sq.
613 2547 656 2580 cs.
683 2547 749 2589 Ep.
771 2557 825 2589 ep„
849 2553 892 2579 ιιι
914 2545 991 2578 132.
1018 2545 1090 2578 Cic.
1116 2545 1160 2576 de
1187 2543 1245 2576 fin.
1274 2550 1303 2576 11
1330 2544 1363 2581 8,
1380 2543 1425 2577 23
1452 2543 1578 2575 ‘nolim

163 2605 258 2637 enim
291 2605 378 2638 mihi
406 2606 537 2647 fingere
563 2613 698 2643 asoto&
725 2611 764 2637 ut
790 2604 927 2642 soletis,
955 2603 1016 2646 qui
1041 2603 1078 2635 in
1103 2613 1259 2634 mensam
1287 2607 1431 2634 uomant
1458 2607 1493 2633 et
1519 2601 1580 2643 qui

163 2663 209 2696 de
235 2664 412 2697 conuiuiis
440 2665 643 2696 auferantur
669 2664 840 2707 crudique
866 2663 1040 2706 postridie
1062 2672 1101 2694 se
1119 2672 1238 2693 rursus
1258 2661 1489 2702 ingurgitent,
1519 2661 1580 2704 qui

163 2723 279 2755 solem
315 2729 352 2755 ut
386 2723 484 2756 aiunt
518 2734 583 2756 nec
619 2723 842 2756 occidentem
883 2732 1048 2763 umquam
1082 2720 1234 2752 uiderint
1260 2729 1326 2752 nec
1351 2719 1542 2751 orientem'
1577 2718 1582 2762 ί

168 2783 210 2817 18
229 2794 280 2827 sq.
309 2783 355 2816 cf.
385 2783 451 2827 Ep.
480 2793 535 2827 ep.
556 2791 597 2815 111
631 2782 696 2815 130
723 2793 757 2826 p.
778 2782 835 2822 63,
856 2779 896 2814 19
946 2782 949 2823 Ι
1000 2780 1143 2813 20--22
1170 2779 1214 2813 cs.
1242 2779 1282 2812 st.
1302 2777 1372 2811 200
