1846 3288
98 1006 130 1029 10

98 1369 130 1395 15

83 1507 129 1540 80

639 220 886 252 EPISTVLA
912 220 1078 251 PRIMA
1522 217 1566 250 29

152 334 285 386 ταυτί,
331 334 399 375 καὶ
431 333 517 376 ὅσα
548 334 760 375 συντείνει
791 335 901 385 πρὸς
942 333 1019 383 τὴν
1059 332 1119 383 εἰς
1155 334 1286 373 τοῦτο
1329 330 1566 383 ἀκρίβειαν·

153 405 214 448 ἔτι
249 419 294 448 τε
334 406 386 448 οὐ
423 407 474 447 τὸ
514 408 770 457 πλεοναχῶς
812 407 858 447 ἐν
896 408 985 456 τοῖς
1023 405 1237 455 τοιούτοις
1275 403 1382 446 εἶναι
1419 404 1486 444 καὶ
1517 404 1566 444 τὸ

153 478 441 529 ἐνδεχόμενον
477 479 546 519 καὶ
584 477 729 532 ἄλλως
768 492 862 529 πως
893 478 1018 530 ἔχειν,
1066 477 1159 519 ἀλλ’
1192 477 1341 528 ἁπλῶς
1373 478 1426 528 μὴ
1461 476 1566 518 εἶναι

153 550 200 592 ἐν
232 549 443 604 ἀφθάρτῳ
475 551 542 591 καὶ
574 551 757 603 μακαρίᾳ
788 551 919 602 φύσει
947 553 1035 591 τῶν
1057 551 1266 601 διάκρισιν
1299 550 1566 601 ὑποβαλλόν-

153 636 240 664 των
271 623 296 673 ἢ
327 623 520 680 τάραχον
553 623 702 673 μηθέν·
763 623 831 663 καὶ
862 625 992 664 τοῦτο
1024 624 1282 674 καταλαβεῖν
1315 625 1364 676 τῇ
1397 623 1566 676 διανοίᾳ

153 693 272 736 ἔστιν
309 693 458 744 ἁπλῶς
496 692 614 735 εἶναι.
675 695 725 735 τὸ
764 693 798 734 δ’
833 695 880 735 ἐν
919 698 967 748 τῇ
1005 694 1173 748 ἱστορίᾳ
1204 695 1443 745 πεπτωκός,
1489 698 1567 746 τῆς

154 767 326 817 δύσεως
362 766 430 807 καὶ
462 765 679 817 ἀνατολῆς
717 766 785 807 καὶ
815 769 979 817 τροπῆς
1011 768 1078 808 καὶ
1111 768 1348 818 ἐκλείψεως
1381 768 1448 809 καὶ
1479 767 1567 809 ὅσα

153 841 342 889 συγγενῆ
370 840 542 890 τούτοις
573 841 706 890 μηθὲν
737 839 797 881 ἔτι
828 841 938 890 πρὸς
971 841 1020 881 τὸ
1053 840 1261 891 μακάριον
1282 842 1360 892 τὰς
1382 841 1568 891 γνώσεις

154 913 404 963 συντείνειν,
451 911 543 953 ἀλλ’
587 912 748 964 ὁμοίως
786 914 890 964 τοὺς
929 913 1099 965 φόβους
1140 914 1252 964 ἔχειν
1291 915 1395 964 τοὺς
1432 916 1567 955 ταῦτα

153 985 418 1036 κατειδότας,
461 985 574 1036 τίνες
611 984 645 1026 δ’
681 985 722 1026 αἱ
761 986 919 1037 φύσεις
960 985 1231 1038 ἀγνοοῦντας
1269 987 1337 1028 καὶ
1374 987 1488 1037 τίνες
1526 986 1568 1028 αἱ

153 1059 410 1110 κυριώταται
442 1057 580 1109 αἰτίαι,
613 1059 679 1099 καὶ
712 1058 746 1099 εἰ
779 1059 831 1109 μὴ
864 1061 1162 1113 προσῄδεισαν
1194 1062 1346 1100 ταῦτα’
1378 1060 1488 1110 τάχα
1520 1062 1567 1102 δὲ

154 1133 223 1173 καὶ
258 1133 446 1183 πλείους,
495 1131 600 1173 ὅταν
640 1132 687 1173 τὸ
725 1132 890 1183 θάμβος
932 1133 976 1173 ἐκ
1009 1135 1084 1182 τῆς
1116 1133 1284 1174 τούτων
1323 1144 1566 1183 προσκατα-

154 1205 354 1256 νοήσεως
392 1206 445 1256 μὴ
473 1202 662 1255 ’δύνηται
699 1206 776 1255 τὴν
817 1206 940 1246 λύσιν
979 1206 1212 1257 λαμβάνειν
1249 1206 1316 1247 καὶ
1354 1207 1431 1255 τὴν
1474 1207 1568 1257 περὶ

154 1281 242 1320 τῶν
282 1278 560 1330 κυριωτάτων
597 1278 857 1328 οἰκονομίαν.
919 1280 984 1319 διὸ
1023 1279 1073 1326 δὴ
1108 1279 1185 1319 κᾶν
1217 1280 1392 1329 πλείους
1431 1279 1568 1330 αἰτίας

154 1351 421 1402 εὑρίσκωμεν
457 1353 631 1402 τροπῶν
663 1352 731 1392 καὶ
765 1352 936 1392 δύσεων
975 1352 1042 1391 καὶ
1071 1351 1299 1393 ἀνατολῶν
1338 1352 1406 1392 καὶ
1438 1352 1567 1394 ἐκλεί-

154 1438 277 1476 ψεων
316 1425 383 1465 καὶ
420 1427 508 1465 τῶν
543 1425 905 1475 τοιουτοτρόπων,
953 1425 1102 1475 ὥσπερ
1141 1425 1209 1465 καὶ
1248 1426 1294 1466 έν
1331 1428 1421 1476 τοῖς
1461 1427 1568 1467 κατὰ

155 1498 285 1549 μέρος
327 1499 570 1548 γινομένοις
611 1497 675 1548 ἦν,
722 1498 773 1539 οὐ
812 1500 875 1539 δεῖ
906 1499 1091 1548 νομίζειν
1134 1500 1210 1548 τὴν
1253 1499 1359 1550 ὑπὲρ
1399 1500 1568 1540 τούτων

154 1569 300 1621 χρείαν
335 1569 552 1621 ἀκρίβειαν
584 1571 637 1620 μὴ
670 1569 968 1622 ἀπειληφέναι,
1013 1571 1096 1622 ὅση
1129 1573 1238 1622 πρὸς
1268 1572 1318 1613 τὸ
1349 1570 1569 1631 ἀτάραχον

155 1643 223 1683 καὶ
255 1642 463 1693 μακάριον
494 1643 616 1693 ἡμῶν
648 1644 871 1685 συντείνει.
918 1644 1032 1685 ὥστε
1065 1647 1461 1696 παραθεωροῦντας
1493 1659 1568 1686 πο-

155 1717 305 1766 σαχῶς
341 1713 440 1767 παρ’
470 1715 568 1766 ἡμῖν
606 1717 656 1758 τὸ
695 1716 846 1767 ὅμοιον
888 1718 1060 1768 γίνεται,
1105 1717 1429 1768 αἰτιολογητέον
1461 1717 1569 1769 ὑπέρ

155 1801 201 1830 τε
233 1790 320 1831 τῶν
351 1789 582 1840 μετεώρων
615 1790 682 1831 καὶ
711 1791 876 1841 παντὸς
908 1793 985 1831 τοῦ
1019 1790 1196 1842 ἀδήλου,
1241 1793 1569 1843 καταφρονοῦν-

278 1986 294 2018 1
325 1983 566 2030 [T]‹1u‘r[l]B²
592 1987 720 2020 Tauri·
753 1998 852 2019 eraso
870 1992 908 2019 ut
927 1988 1091 2020 Bonneto
1118 1989 1232 2019 uisum
1261 1998 1284 2028 μ
1311 1997 1388 2019 cum
1416 1997 1438 2020 0.
1465 1995 1570 2029 supra

155 2044 274 2087 posito
294 2045 323 2076 P
344 2043 350 2088 Ι
372 2044 573 2090 συντείνει]
593 2048 758 2088 συγγενῆ
781 2047 864 2078 libri
888 2048 893 2086 Ι
916 2046 1001 2090 τὴν]
1028 2048 1076 2088 τῆ
1103 2046 1147 2079 13¹
1171 2048 1176 2087 Ι
1198 2049 1315 2080 τοῦτο
1336 2047 1369 2078 h.
1390 2057 1419 2078 e.
1439 2045 1483 2079 τὸ
1503 2055 1569 2086 μα-

155 2102 302 2148 κάριον]
325 2104 473 2138 τούτων
492 2106 532 2136 Β.
553 2105 635 2137 cf.1.
655 2106 696 2139 18
708 2116 759 2147 sq.
795 2105 810 2147 ΙΙ
845 2105 866 2137 2
893 2105 932 2140 ἑν
958 2106 1109 2146 τούτοις
1127 2107 1155 2137 F
1192 2106 1206 2148 ΙΙ
1241 2106 1261 2139 3
1288 2104 1523 2147 ἐνδεχομένιυ
1543 2104 1572 2136 Β

157 2161 412 2205 ἐνδεχομένως
429 2164 580 2206 FHPQs
609 2164 856 2206 ἐνδεχομένας
876 2166 939 2196 Gf:
972 2175 1058 2197 corr.
1080 2165 1319 2197 Schneiderus
1347 2176 1378 2207 p.
1395 2165 1440 2196 94
1463 2164 1468 2206 Ι
1491 2173 1572 2204 πως

156 2231 215 2253 om
240 2221 271 2252 F
296 2222 359 2254 sed
385 2222 429 2255 cs.
455 2221 480 2255 1.
508 2222 529 2255 6
569 2222 585 2265 ΙΙ
628 2224 648 2256 6
674 2225 743 2257 τοῦ
854 2226 1103 2265 πεπτωκότος
1130 2230 1232 2256 erunt
1266 2225 1326 2266 qui
1359 2223 1536 2255 coniciant
1569 2222 1573 2265 Ι

157 2279 302 2324 ἱστοριά
320 2291 401 2322 πως
419 2281 448 2313 F
480 2281 495 2325 ΙΙ
526 2282 545 2314 7
574 2281 810 2324 ἐκλήψεωςΒ
845 2283 860 2326 ΙΙ
896 2283 916 2316 8
943 2284 1011 2325 τῆς
1036 2283 1216 2324 γνώσεως
1241 2283 1325 2314 libri
1358 2280 1374 2327 ΙΙ
1412 2282 1454 2314 10
1472 2291 1571 2314 κατι-

157 2339 293 2381 δόντας
324 2340 612 2383 (καταδιδόντας
638 2341 682 2386 Β)
717 2342 801 2374 libri
840 2341 845 2386 Ι
885 2343 916 2376 δ’
943 2342 980 2376 αἱ
1005 2343 1052 2374 B:
1098 2342 1138 2376 δὲ
1163 2342 1264 2383 HPQ
1306 2342 1346 2375 δὲ
1373 2339 1410 2374 αἱ
1442 2341 1524 2372 FGf
1562 2338 1574 2385 ΙΙ

161 2399 201 2431 11
229 2399 456 2441 κυριώτατοι
485 2401 514 2432 Β
537 2398 542 2443 Ι
565 2400 822 2444 προσείδησαν
848 2402 884 2433 H
917 2401 1152 2444 προσήδισαν
1179 2402 1210 2433 G
1245 2400 1494 2444 προσήδησαν
1525 2399 1541 2430 s
1570 2396 1574 2440 Ι

155 2457 291 2502 ταῦτα]
317 2461 438 2493 ταῦτα
465 2459 506 2493 δέ
534 2460 691 2492 deletum
717 2471 777 2501 mg
801 2461 837 2492 H
866 2461 871 2502 Ι
899 2461 994 2502 τάχα
1025 2461 1066 2495 δὲ
1093 2461 1244 2501 BHP¹Q
1269 2460 1366 2501 τάχα
1394 2457 1466 2503 [δὲ]
1495 2468 1572 2489 cum

158 2527 277 2549 rasura
302 2525 341 2550 tv
368 2518 562 2551 litterarum
590 2519 633 2552 F:
659 2519 708 2552 τὰ
736 2519 879 2561 χαλεπὰ
910 2519 1010 2552 GP²s
1046 2519 1061 2562 ΙΙ
1111 2521 1152 2552 12
1183 2521 1291 2553 πλεῑα
1310 2519 1360 2551 Gf
1380 2520 1384 2556 Ι
1408 2526 1572 2560 προσκα-

156 2574 407 2620 τανοήσ[εως]
436 2578 472 2609 Η
513 2577 528 2620 ΙΙ
573 2578 615 2611 13
642 2577 844 2619 δυνήσεται
871 2579 921 2610 Gf
951 2578 966 2620 ΙΙ
1007 2579 1050 2610 14
1074 2577 1159 2621 κᾶν]
1189 2579 1249 2611 καὶ
1276 2577 1359 2608 iibri
1393 2577 1406 2619 ΙΙ
1445 2577 1486 2609 15
1513 2574 1572 2608 εὑ-

158 2632 333 2676 ρίσκομεν
351 2635 436 2667 libri
470 2636 486 2678 ΙΙ
522 2637 564 2669 16
588 2637 666 2670 τῶν
693 2637 880 2670 τοιούτων
907 2637 1061 2679 τρόπων
1081 2635 1251 2679 (τροπῶν
1271 2634 1452 2676 FGHP2f)
1470 2634 1571 2667 libri:

159 2703 246 2727 corr.
274 2694 492 2726 Meibomius
547 2695 562 2737 ΙΙ
620 2695 660 2727 17
687 2696 906 2737 γενομένοις
932 2697 961 2727 F
1000 2697 1004 2737 Ι
1045 2694 1104 2739 ἦν]
1131 2696 1153 2736 ἦ
1180 2696 1216 2727 H
1255 2695 1277 2737 ἢ
1306 2694 1413 2727 ceteri
1439 2694 1523 2726 libri
1562 2693 1574 2737 ΙΙ

162 2752 205 2785 18
231 2751 373 2797 χρείαν]
400 2751 526 2796 χρείαν
555 2755 614 2788 καὶ
643 2755 675 2786 G
716 2753 730 2798 ΙΙ
772 2755 818 2788 20
843 2755 888 2789 τὸ
915 2755 1009 2797 ὅμον
1036 2755 1067 2796 Q
1088 2755 1094 2798 Ι
1117 2754 1388 2796 αἰτιολογιτέον
1417 2754 1446 2785 Β
