1842 3250
207 359 275 393 497

213 910 282 943 49ss

213 1199 283 1232 499

303 235 322 269 3
329 236 374 269 10
803 235 1009 267 EPICVRI
1042 235 1191 267 ETHIC
1198 237 1228 267 A

421 358 578 390 tantam
600 352 811 389 hominum
839 352 1144 400 inprudentiam
1170 364 1275 397 esse,
1308 354 1432 400 immo
1453 354 1719 399 dementiam,

306 431 352 463 ut
381 425 549 473 quidam
581 425 725 462 timore
755 424 897 461 mortis
929 430 1130 473 cogantur
1160 425 1216 463 ad
1245 431 1431 463 mortem.

306 495 455 531 SENECA
482 496 585 540 epist.
603 496 662 538 24,
677 495 723 529 23
749 496 934 538 ‘obiurgat
951 496 1129 538 Epicurus
1154 506 1226 527 non
1252 495 1368 528 minus
1396 506 1458 528 eos
1485 497 1546 539 qui
1571 502 1721 531 mortem

307 561 564 602 concupiscunt
590 570 695 602 quam
722 570 786 592 eos
813 559 874 602 qui
900 560 1036 597 timent,
1065 564 1099 591 et
1127 559 1175 592 ait
1201 585 1208 592 .
1230 585 1237 592 .
1259 585 1266 591 .
1286 585 1294 592 .
1320 558 1376 604 [fr.
1397 560 1466 594 496
1488 565 1522 592 et
1541 560 1637 605 4981.
1663 560 1721 594 his

307 625 438 657 adicias
468 630 502 656 et
527 624 620 657 illud
648 624 807 656 eiusdem
834 628 940 656 notae
967 623 1072 656 licet:
1099 629 1260 656 tantam
1285 650 1293 657 .
1313 648 1322 656 .
1341 650 1349 657 .
1371 650 1378 657 .
1407 624 1615 659 mortem'.

307 689 350 721 cf.
370 686 618 733 [Plutarchus]
638 689 777 721 consol.
796 688 842 721 ad
860 688 1097 731 Apollonium
1118 689 1160 721 15
1179 699 1213 731 p.
1232 689 1316 722 110⁸
1341 691 1398 733 τῷ
1424 689 1497 732 γὰρ
1526 690 1607 724 ὄντι
1633 691 1723 723 πολ-

307 754 365 788 λοὶ
393 753 453 787 διὰ
479 754 550 795 τὴν
577 753 772 787 οὐδένειαν
807 754 867 786 καὶ
897 754 969 794 τὴν
1002 753 1096 796 πρὸς
1127 752 1195 786 τὸν
1227 752 1394 788 Θάνατον
1426 754 1604 796 διαβολὴν
1631 753 1723 789 ἀπο-

308 819 550 861 θνῄσκουσιν,
577 818 638 851 ἵνα
669 818 719 860 μὴ
745 817 977 851 ἀποθάνωσι.

423 903 522 951 quid
553 908 637 939 tarn
669 902 886 939 ridiculum
919 914 1044 950 quam
1077 902 1278 951 adpetere
1309 908 1498 946 mortem,
1539 914 1632 940 cum
1665 903 1725 940 ui-

311 985 392 1016 tam
425 977 652 1025 inquietam
682 974 754 1012 tibi
785 975 932 1012 feceris
961 981 1074 1011 metu
1106 972 1273 1011 mortis?
1751 996 1783 1019 ,ο

309 1047 460 1083 SENECA
491 1049 594 1092 epist.
622 1048 678 1087 24,
699 1048 744 1082 23
772 1048 969 1091 ‘Epicurus
998 1071 1033 1079 ..
1056 1074 1061 1080 .
1091 1046 1137 1078 ait
1167 1071 1288 1080 .....
1317 1044 1372 1090 [fr.
1391 1045 1489 1091 496}
1541 1047 1625 1079 item
1653 1045 1726 1079 alio

309 1115 390 1146 loco
421 1114 522 1146 dicit:
564 1113 667 1155 quid
696 1137 703 1144 .
724 1138 730 1145 .
752 1138 758 1144 .
780 1137 787 1143 .
813 1110 1006 1144 mortis?’

433 1193 575 1228 CICERO
603 1195 707 1227 Tusc.
728 1194 819 1237 disp.
839 1201 867 1225 V
886 1194 942 1232 40,
965 1193 1031 1226 117
1059 1193 1312 1234 ‘congerantur
1338 1193 1375 1224 in
1400 1203 1508 1225 unum
1535 1193 1664 1230 omnia,
1691 1197 1730 1225 ut

311 1260 406 1292 idem
436 1259 550 1291 oeulis
579 1263 613 1290 et
636 1258 780 1289 auribus
815 1262 937 1299 captus
975 1258 1031 1294 sit,
1071 1261 1250 1299 prematur
1281 1257 1386 1288 etiam
1413 1257 1601 1289 doloribus
1635 1268 1729 1289 acer—

311 1325 418 1356 rumis
446 1324 618 1366 corporis.
671 1323 730 1364 qui
760 1322 911 1365 primum
944 1332 1006 1363 per
1039 1330 1076 1353 se
1107 1321 1176 1363 ipsi
1202 1321 1411 1363 plerumque
1445 1321 1636 1353 conficiunt
1666 1320 1728 1353 hc·
1756 1327 1785 1352 15

311 1390 451 1420 minem.
506 1388 559 1419 sin
595 1388 686 1418 forte
720 1386 984 1428 longinquitate
1020 1385 1187 1428 producti
1225 1385 1470 1418 uehementius
1505 1391 1624 1418 tamen
1659 1390 1730 1418 tor-

312 1458 420 1496 quent
455 1462 558 1494 quam
591 1456 629 1483 ut
663 1461 769 1482 causa
802 1450 848 1482 sit
878 1460 939 1482 cur
973 1450 1138 1490 ferantur,
1178 1450 1263 1492 quid
1291 1455 1343 1482 est
1369 1449 1522 1487 tandem,
1563 1450 1598 1481 di
1630 1450 1730 1488 boni,

312 1518 411 1560 quod
437 1515 664 1549 laboremus?
691 1520 814 1558 portus
843 1515 935 1546 enim
963 1522 1106 1557 praesto
1134 1520 1197 1552 est,
1226 1509 1407 1546 aeternum
1434 1514 1524 1546 nihil
1553 1514 1731 1547 sentiendi

314 1581 585 1624 receptaculum.
615 1607 622 1614 .
644 1606 651 1613 .
673 1606 679 1612 .
701 1606 707 1612 .
728 1580 802 1622 (41,
825 1579 908 1621 118)
936 1579 1025 1611 mihi
1052 1579 1196 1622 quidem
1224 1580 1260 1611 in
1286 1579 1361 1611 uita
1387 1579 1562 1611 seruanda
1589 1579 1731 1612 uidetur

313 1646 377 1678 illa
404 1647 474 1683 lex,
502 1655 591 1687 quae
620 1645 657 1677 in
676 1644 893 1676 Graecorum
920 1643 1099 1676 conuiuiis
1125 1643 1317 1686 optinetur.
1345 1642 1430 1675 “aut
1459 1642 1586 1675 bibat³²
1614 1643 1732 1686 inquit
1754 1649 1788 1675 20

313 1710 399 1741 “aut
426 1709 568 1747 abeat''‚
603 1715 637 1741 et
671 1714 778 1740 reete.
831 1713 891 1740 aut
924 1708 1017 1740 enim
1051 1708 1186 1740 fruatur
1223 1707 1354 1750 aliquis
1388 1708 1518 1750 pariter
1546 1718 1624 1740 eum
1650 1708 1730 1740 aliis

312 1775 496 1817 uoluptate
525 1774 674 1817 potandi
702 1780 773 1811 aut,
812 1784 857 1805 ne
886 1773 1029 1804 sobrius
1057 1774 1093 1804 in
1120 1773 1329 1804 uiolentiam
1354 1772 1620 1804 uinulentorum
1645 1773 1731 1804 inci-

314 1840 384 1877 dat,
419 1844 499 1872 ante
525 1839 696 1872 discedat.
741 1839 791 1870 sic
818 1838 965 1870 iniurias
994 1839 1170 1875 fortunae,
1198 1848 1286 1880 quas
1314 1837 1406 1870 ferre
1433 1847 1603 1880 nequeaS,
1632 1837 1732 1869 desu-

442 2001 455 2032 l
489 2000 532 2033 cs.
558 2000 745 2032 Lucretius
765 2007 808 2033 ΠΙ
826 1995 970 2033 79482
998 1998 1153 2032 Ouidius
1179 2004 1318 2031 metam.
1344 2006 1400 2032 vn
1426 1998 1497 2032 604
1523 1997 1731 2040 ‘mortisque

315 2060 478 2091 timorem
504 2063 619 2090 morte
647 2058 795 2099 sugant'.
826 2057 985 2090 colorem
1012 2058 1166 2090 fortasse
1196 2058 1348 2100 sumpsit
1374 2058 1440 2099 Ep.
1461 2057 1505 2089 ab
1523 2056 1732 2099 Antiphane

315 2118 415 2150 Stob.
436 2118 509 2150 ssot.
531 2118 587 2155 53,
606 2118 627 2150 9
656 2117 770 2159 (Com.
791 2125 837 2150 111
855 2128 888 2160 p.
913 2116 994 2161 150)
1021 2115 1056 2150 τί
1082 2116 1131 2156 δ“;
1160 2117 1243 2158 οὐχὶ
1271 2116 1447 2150 Θανάτου
1475 2117 1732 2159 μισθοφορῶν,

316 2176 346 2210 ὧ
376 2178 551 2218 φιλτάτη,
581 2176 620 2216 ὃς
647 2176 756 2210 ἕνεκα
784 2178 853 2210 τοῦ
881 2177 948 2218 ζῆν
976 2175 1094 2218 ἔρχετ’
1115 2175 1442 2215 ἀποθανούμενος
1480 2176 1484 2216 Ι
1521 2176 1541 2208 5
1561 2175 1686 2207 notai.
1703 2185 1732 2207 e.

316 2236 572 2278 praescriptum
602 2236 755 2267 auctoris
789 2245 930 2273 nomen,
973 2241 1011 2266 ut
1037 2234 1111 2266 uini
1142 2235 1242 2275 origo
1273 2238 1307 2265 et
1333 2243 1445 2265 annus
1471 2232 1507 2265 in
1536 2233 1645 2265 doliis
1671 2243 1734 2264 no-

315 2302 409 2326 tatur
440 2294 454 2336 {l
489 2294 532 2326 10
558 2299 654 2326 metu
681 2296 808 2325 mortis
835 2305 892 2326 om
918 2305 940 2336 p
971 2292 985 2336 Η
1020 2294 1062 2326 16
1082 2294 1124 2326 cf.
1145 2294 1184 2325 fr.
1205 2292 1349 2326 446—8
1385 2293 1389 2333 Ι
1428 2292 1472 2325 18
1491 2290 1560 2336 est]
1581 2297 1634 2324 est
1650 2302 1734 2334 quo·

315 2356 414 2385 niam
439 2363 535 2385 mors
561 2353 691 2384 ibidem
719 2358 773 2384 est
796 2352 897 2384 libri:
925 2352 1105 2393 glossema
1123 2351 1310 2384 Bentleius
1328 2351 1478 2383 notauit.
1504 2351 1546 2382 cf.
1563 2361 1595 2394 p.
1617 2351 1696 2388 311,
1712 2350 1734 2383 8

319 2412 470 2454 scriptor
488 2422 525 2444 π.
546 2411 669 2453 ὕψους
690 2411 722 2450 9,
738 2411 758 2443 7
786 2411 875 2453 ἡμῖν
894 2411 960 2452 μὲν
981 2411 1300 2452 δυσδαιμονοῦσιν
1325 2409 1521 2444 ἀπόκειται
1539 2409 1650 2450 λιμὴν
1669 2418 1732 2442 κα-

318 2472 396 2503 κῶν
415 2470 435 2503 ὁ
455 2469 618 2509 Θάνατος
640 2469 646 2512 1
672 2470 713 2503 19
726 2480 802 2512 sqq.
822 2470 864 2502 cf.
880 2470 985 2502 Lucr.
1007 2477 1049 2502 111
1066 2469 1257 2503 935—943
1285 2470 1411 2500 Horat.
1432 2474 1496 2500 sat.
1515 2475 1530 2500 1
1551 2468 1581 2506 1,
1602 2468 1666 2500 117
1682 2478 1734 2510 sq.

318 2526 448 2572 [Pha]
467 2528 604 2560 consol.
625 2528 670 2560 ad
689 2528 927 2571 Apollonium
948 2528 993 2560 34
1012 2539 1044 2572 p.
1069 2526 1163 2565 12ob,
1191 2528 1322 2570 quibus
1347 2527 1514 2558 omnibus
1533 2536 1599 2558 nec
1617 2526 1734 2558 minus

318 2588 386 2630 ipsi
405 2588 561 2630 Epicuro
580 2587 676 2619 haud
703 2588 778 2619 scio
798 2598 843 2619 an
859 2587 940 2619 sons
964 2587 1069 2619 fuerit
1085 2587 1166 2624 Bio,
1192 2587 1235 2619 cs.
1255 2586 1364 2618 Teles
1382 2586 1530 2617 Stobaei
1548 2585 1623 2617 flor.
1641 2592 1669 2616 v
1688 2584 1732 2617 67

317 2657 352 2689 p.
371 2645 435 2678 161
455 2646 567 2679 Gaisf.
588 2646 633 2677 de
653 2646 733 2688 ipso
752 2650 944 2689 praecepto
963 2646 1008 2678 cf.
1024 2646 1065 2679 fr.
1081 2645 1150 2679 397
1170 2656 1204 2688 p.
1221 2645 1304 2683 269,
1324 2644 1366 2678 19
1381 2649 1415 2676 et
1430 2643 1511 2682 273,
1529 2643 1561 2677 9.
1581 2648 1666 2675 nota
1682 2648 1735 2675 est

317 2705 518 2737 Stoicorum
538 2705 724 2744 sententia,
745 2705 789 2737 cs.
804 2704 915 2737 Arius
929 2704 1015 2738 Did.
1033 2705 1086 2737 Io.
1102 2703 1204 2737 Stob'.
1223 2704 1289 2737 ecl.
1309 2703 1380 2736 eth.
1398 2713 1433 2746 p.
1453 2702 1532 2744 110,
1548 2702 1569 2736 9
1584 2712 1636 2744 sq.
1654 2712 1733 2734 eum

318 2763 587 2796 Wachsmuthii
613 2764 854 2806 adnotatione,
882 2764 1009 2796 similis
1028 2763 1347 2806 Peripateticorum
1365 2762 1446 2794 Arii
1465 2761 1548 2793 Did.
1567 2771 1601 2804 p.
1620 2759 1698 2798 126,
1711 2759 1733 2792 2
