1846 3288
59 1005 104 1038 76

74 1375 105 1402 16

618 226 860 258 EPISTVLA
886 226 1047 258 PRIMA
1499 225 1545 258 27

129 342 357 390 κασθῆναι·
389 339 466 380 τὸν
488 342 535 380 δι’-ζ
559 339 768 389 λογισμὸν
799 339 851 379 τὰ
883 338 967 380 ὑπὸ
998 338 1159 389 ταύτης
1189 338 1546 389 παρεγγυηθέντα

129 413 316 464 ὕστερον
349 413 609 465 ἐπακριβοῦν
641 411 710 452 καὶ
739 412 1122 463 προσεξευρίσκειν
1154 411 1201 453 ἐν
1233 412 1310 462 μὲν
1341 412 1427 452 τισὶ
1448 412 1546 452 θᾶτ-

127 479 217 537 τον,
249 485 296 527 ἐν
329 486 377 526 δὲ
408 485 493 526 τισὶ
525 484 791 536 βραδύτερον
824 484 892 525 καὶ
925 484 971 525 ἐν
1003 485 1080 534 μὲν
1112 484 1197 525 τισὶ
1226 483 1448 535 περιόδοις
1477 483 1546 524 καὶ

128 558 302 610 χρόνοις
335 574 359 596 ÷÷
391 574 428 608 κ,
461 557 508 599 ἑν
540 557 587 598 δὲ
618 557 704 598 τισὶ
734 557 803 598 καὶ
835 556 1056 607 ἐλάττους.
1101 554 1234 597 Ὅθεν
1265 556 1333 597 καῖ
1362 556 1416 597 τὰ
1448 555 1546 597 ὀνό-

129 645 242 682 ματα
273 631 317 672 ἐξ
349 630 484 682 ἀρχῆς
515 630 569 680 μὴ
603 630 719 671 θέσει
752 630 969 679 γενέσθαι,
1002 627 1094 670 ἀλλ’
1119 629 1254 679 αὐτὰς
1285 629 1363 679 τὰς
1388 628 1547 679 φύσεις

127 706 216 746 τῶν
256 702 500 754 ἀνθρώπων
538 701 629 743 καθ’
664 701 827 743 ἕκαστα
868 700 970 752 ἔθνη
1007 701 1095 742 ἴδια
1132 701 1395 752 πασχούσας
1431 699 1545 750 πάθη

129 777 197 818 καὶ
235 775 324 818 ἰ’δια
365 774 676 827 λαμβανούσας
718 774 1011 825 φαντάσματα
1054 773 1171 824 ἰδίως
1212 775 1290 815 τὸν
1332 772 1441 824 ἀέρα
1482 773 1547 814 ἐκ-

127 850 308 900 πέμπειν
349 847 643 898 στελλόμενον
684 846 757 898 ὑφ’
792 846 991 888 ἑκάστων
1034 849 1124 888 τῶν
1160 848 1312 888 παθῶν
1353 846 1421 887 καὶ
1459 847 1547 887 τῶν

128 921 468 974 φαντασμάτων,
507 920 568 971 ὡς
601 919 661 972 ὄινΔ
686 933 791 962 ποτε
824 920 892 961 καὶ
923 920 948 970 ἡ
981 920 1098 971 παρὰ
1129 920 1233 970 τοὺς
1263 919 1429 970 τόπους
1459 921 1548 960 τῶν

129 996 270 1038 ἐθνῶν
300 994 493 1045 διαφορὰ
524 993 566 1047 ᾗ·
635 993 822 1044 ὕστερον
854 994 901 1034 δὲ
934 995 1091 1043 κοινῶς
1122 992 1215 1034 καθ’
1250 990 1413 1034 ἕκαστα
1445 991 1546 1042 ἔθνη

128 1068 182 1110 τὰ
210 1065 298 1110 ἴδια
329 1069 503 1117 τεθῆναι
535 1067 644 1118 πρὸς
675 1067 726 1108 τὸ
757 1067 836 1117 τὰς
866 1066 1081 1117 δηλώσεις
1112 1065 1243 1116 ἦττον
1275 1065 1549 1118 ἀμφιβόλους

128 1141 332 1191 γενέσθαι
374 1139 579 1190 ἀλλήλοις
620 1139 688 1180 καὶ
728 1140 1075 1190 συντομωτέρως
1107 1139 1401 1190 δηλουμένας·
1451 1138 1548 1179 τινὰ

129 1215 176 1257 δὲ
208 1214 277 1255 καὶ
308 1214 359 1256 οὐ
392 1213 680 1264 συνορώμενα
711 1212 940 1264 πράγματα
968 1212 1258 1264 εἰσφέροντας
1280 1213 1383 1262 τοὺς
1407 1221 1548 1252 συνει-

129 1288 262 1338 δότας
299 1288 599 1336 παρεγγυῆσαι
637 1286 757 1336 τινὰς
797 1286 1023 1336 φθόγγους
1056 1285 1413 1335 ἀναγκασθέντας
1446 1284 1547 1325 ἀνα-

129 1363 344 1414 φωνῆσαι,
362 1364 467 1409 τους
489 1360 536 1400 δὲ
557 1362 617 1413 τῲ
636 1361 829 1412 λογισμῷ
854 1358 1091 1409 ἑλομένους
1114 1359 1221 1399 κατὰ
1243 1359 1320 1408 τὴν
1341 1358 1549 1407 πλείστην

129 1433 269 1475 αἰτίαν
300 1432 443 1483 οὕτως
475 1433 747 1483 ἑρμηνεῦσαι.

244 1506 318 1547 Καὶ
351 1507 432 1556 μὴν
463 1506 557 1557 <mi
578 1504 682 1556 τὴν>
713 1506 760 1546 έν
792 1507 883 1555 τοῖς
915 1505 1150 1556 μετεώροις
1178 1505 1324 1556 φορὰν
1356 1504 1423 1545 καὶ
1456 1517 1550 1554 τρο-

128 1580 213 1630 πὴν
244 1579 311 1620 καὶ
344 1578 535 1629 ἔκλειψιν
568 1579 636 1619 καὶ
668 1578 886 1628 ἀνατολὴν
918 1579 986 1619 καὶ
1017 1578 1143 1619 δύσιν
1171 1577 1238 1619 καὶ
1260 1578 1312 1619 τὰ
1335 1577 1549 1627 σύστοιχα

251 1703 271 1736 4
298 1703 483 1746 χρόνοις
509 1703 709 1745 ἀποτομὴν
737 1702 813 1737 ἀπὸ
839 1705 909 1737 τοῦ
937 1702 1106 1746 ἀπείρου.
1151 1710 1350 1735 GLOSSEMA

248 1819 273 1852 2
302 1818 460 1858 ὕστερον
481 1818 610 1859 BP'Q:
640 1818 699 1851 καὶ
718 1817 882 1860 ὕστερον
902 1816 1029 1859 reliqui
1051 1816 1056 1859 1
1079 1816 1380 1860 προεξευρίσκειν
1400 1818 1431 1849 G
1454 1815 1459 1861 ξ
1483 1816 1550 1857 μέν

128 1875 229 1922 τῇσι]
248 1878 275 1909 Β
297 1874 303 1919 Ι
326 1878 482 1910 θᾶττον’
507 1877 582 1910 τισὶ
602 1877 641 1910 δὲ
660 1877 691 1908 F
719 1876 735 1920 11
766 1876 786 1909 3
811 1875 960 1919 χρόνοις
980 1878 1038 1909 καὶ
1056 1876 1245 1919 περιόδοις
1263 1877 1292 1907 F
1326 1875 1340 1919 Η
1376 1877 1396 1908 4
1415 1876 1549 1907 hiatum

128 1936 285 1968 indicaui
310 1937 433 1968 eadem
461 1946 584 1967 caussa
612 1946 682 1978 qua
709 1946 815 1978 supra
842 1947 877 1978 p.
895 1935 952 1973 26,
969 1935 988 1967 2
1017 1940 1143 1978 ortum,
1173 1936 1223 1967 sic
1242 1936 1315 1967 sere
1336 1935 1549 1977 explendum

130 1994 279 2036 μείζους
304 1994 505 2036 λαμβάνειν
533 1994 721 2035 ἐπιδόσεις
743 1995 748 2037 Ι
770 1995 846 2028 τισὶ
874 1994 957 2028 κατ’
978 1993 1159 2034 ἐλάττους
1185 1994 1269 2026 libri
1311 1990 1327 2039 Η
1370 1995 1390 2027 τ’)
1416 1991 1551 2037 ἁρ[χῆς

129 2054 258 2086 litteris
284 2053 321 2086 in
349 2054 469 2086 charta
495 2052 718 2095 adglutinata
744 2053 920 2097 suppletis
948 2052 994 2086 1³²
1029 2051 1034 2097 Ι
1070 2053 1152 2087 θέσι
1179 2053 1225 2084 P¹
1267 2053 1282 2095 Η
1324 2054 1345 2086 S
1374 2052 1437 2087 ὑπ’
1466 2052 1549 2086 ἐκά-

130 2121 233 2146 στων
261 2114 288 2145 Β
325 2112 544 2147 ὑψεκάστων
570 2112 616 2144 P¹
667 2110 682 2155 ΙΙ
737 2113 780 2145 10
806 2112 846 2156 ᾖ]
871 2112 928 2154 εἴη
954 2112 1040 2144 libri
1082 2112 1097 2155 ΙΙ
1147 2112 1190 2145 12
1218 2111 1391 2154 ἀλλήλοις
1418 2122 1459 2144 an
1488 2111 1549 2146 ἀλ·

130 2169 268 2213 λήλους
293 2171 462 2203 incertum
481 2171 529 2203 F:
557 2170 733 2213 ἀλλήλαις
759 2172 888 2214 reliqui
916 2172 1158 2215 edebaturque
1185 2177 1264 2203 ante
1283 2171 1519 2203 Meibomium
1548 2169 1552 2215 Ι

131 2230 422 2273 συντομωτέρως
448 2230 477 2261 Β
519 2229 812 2273 συντομωτέρας
837 2231 939 2272 HPQ
996 2229 1012 2274 Η
1076 2230 1117 2263 13
1144 2230 1386 2273 εἰσφέροντες
1411 2230 1515 2271 HPQ
1547 2227 1552 2273 Ι

130 2287 237 2334 τοὺς]
262 2291 332 2323 τοῦ
358 2289 395 2321 Η
437 2289 453 2332 ΙΙ
498 2289 543 2322 14
567 2287 776 2333 φθόγγους]
803 2290 999 2332 φθόγγους
1024 2288 1115 2330 τοὺς
1142 2289 1237 2322 libri.
1265 2294 1299 2321 at
1325 2289 1551 2332 participium

131 2348 439 2390 ἀναγκασθέντας
464 2347 579 2390 ἀναφ.
614 2359 774 2382 caussam
805 2349 1049 2392 superioribus
1077 2349 1177 2380 addit
1203 2348 1247 2381 cs.
1275 2348 1378 2380 Lucr.
1405 2355 1427 2379 v
1459 2346 1551 2380 1028

132 2411 274 2442 sonitus
307 2413 447 2441 natura
481 2410 671 2449 subegit
702 2409 846 2441 mittere
879 2413 912 2439 et
947 2410 1092 2440 utilitas
1129 2408 1367 2450 expressit
1403 2407 1550 2438 nomina

131 2478 254 2500 rerum
299 2466 315 2511 η
360 2468 402 2500 15
428 2468 507 2501 τῶν
532 2468 725 2508 λογισμῶν
751 2467 788 2498 Η
822 2467 827 2508 1
862 2466 1088 2508 ἑλλομένους
1115 2466 1144 2498 F
1169 2466 1378 2507 ἑπομένους
1405 2465 1551 2497 Schnei-

133 2526 240 2559 derus
273 2525 289 2570 fl
326 2525 369 2559 16
395 2524 518 2560 αἰτίαν
545 2530 759 2569 corruptum.
787 2526 867 2559 fort.
893 2524 1108 2567 φαντασίαν
1131 2525 1138 2568 1
1160 2525 1263 2559 οὕτω
1290 2524 1340 2557 Gr
1369 2524 1386 2567 u
1423 2523 1465 2557 17
1490 2524 1549 2557 καὶ

131 2585 203 2628 τὴν
229 2584 406 2628 suppleui.
436 2585 481 2618 cs.
507 2596 541 2627 p.
567 2585 617 2623 29,
637 2584 659 2617 6
701 2582 719 2629 ΙΙ
764 2584 806 2618 18
833 2585 990 2627 ἔκληψιν
1008 2583 1090 2627 1³¹9

256 2643 299 2677 19
317 2641 533 2688 ἀποτομὴν]
548 2643 623 2677 ἀπὸ
641 2645 720 2677 τῶν
739 2644 937 2686 BGHPQs:
959 2654 1016 2675 om
1035 2643 1075 2676 F.
1102 2644 1146 2676 cf.
1166 2653 1221 2686 ep.
1240 2649 1268 2676 11
1287 2643 1344 2675 88.
1365 2641 1552 2673 eximenda

135 2703 223 2736 haee
248 2703 361 2735 uerba
388 2708 496 2741 erant,
526 2703 602 2734 siue
630 2702 755 2735 relicta
781 2713 822 2734 ex
852 2702 1014 2745 pleniore
1043 2702 1087 2734 ad
1113 2713 1147 2744 p.
1168 2701 1224 2739 26,
1243 2702 1265 2734 2
1294 2700 1447 2738 scholio,
1475 2701 1551 2734 siue

136 2762 224 2795 olim
250 2761 369 2794 uerbis
395 2772 429 2805 p.
457 2762 515 2800 26,
537 2762 580 2794 14
610 2761 863 2805 ἀποκριθέντα
889 2763 965 2795 κτλ.
995 2761 1177 2803 glossema
1204 2760 1326 2792 addita
1351 2764 1447 2792 erant
