1842 3250
104 835 175 870 224

104 983 174 1018 225

105 1128 176 1163 226

106 1517 127 1550 [Ο

202 251 269 286 170
587 253 834 286 EPICVRVS
860 253 927 284 DE
952 252 1223 285 SAPIENTIA

200 368 262 400 sed
288 373 403 401 tamen
430 374 467 400 ut
495 378 696 400 maneamus
722 369 758 399 in
785 368 983 411 perspicuis
1009 367 1142 400 firmius
1164 374 1197 400 ct
1216 369 1450 411 constantius,
1478 370 1610 401 maiore

198 432 350 475 quadam
377 443 467 476 opus
495 437 548 465 est
574 432 633 465 uel
660 438 734 465 arte
761 432 820 463 uel
847 431 1047 472 diligentia,
1086 442 1130 463 ne
1157 432 1201 463 ab
1227 432 1272 463 iis
1300 442 1390 474 quae
1416 433 1511 465 clara
1537 432 1608 466 sint

198 497 276 540 ipsa
308 507 371 540 per
403 507 482 529 sese
517 496 620 540 quasi
651 496 855 539 praestigiis
890 496 1103 539 quibusdam
1131 501 1165 528 et
1197 496 1426 539 captionibus
1452 496 1610 539 depella-

198 571 284 593 mur.
329 571 408 593 nam
434 562 494 603 qui
519 559 636 593 uoluit
664 560 855 593 subuenire
883 560 1065 593 erroribus
1093 559 1301 604 [Epicurus]
1327 560 1371 592 iis
1397 561 1459 604 qui
1485 560 1610 593 uiden·

198 630 253 657 tur
278 624 492 658 conturbare
518 625 594 658 ueri
623 625 877 667 cognitionem,
906 625 1066 669 dixitque
1093 625 1316 668 sapientis
1344 635 1440 658 esse
1469 626 1611 668 opini-

198 699 321 722 onem
358 700 377 722 a
411 689 737 733 perspicuitate
773 690 1026 731 seiungere,
1054 689 1142 722 nihil
1170 689 1333 733 profecit.
1377 690 1489 734 ipsius
1520 691 1611 722 enim

198 754 381 798 opinionis
408 764 561 786 errorem
588 753 690 786 nullo
715 754 824 786 modo
855 754 998 786 sustulit
1009 753 1028 787 ².

319 834 591 869 Fnommmivtu
618 835 758 867 Monac.
790 835 856 868 195
898 836 919 869 ό
952 835 1067 877 αὐτὸς
1100 835 1350 882 [Ἐπίκουρος]
1384 836 1455 879 τήν
1488 835 1612 879 οἴησιν

200 899 327 943 ἱερὰν
352 899 493 934 νόσον
520 899 658 940 ἔλεγεν.

322 980 464 1015 Amlvs
489 988 528 1014 ιν
548 982 581 1018 9,
604 982 645 1015 19
671 992 704 1024 p.
726 980 794 1015 398
815 982 929 1014 Diels.
949 982 1130 1024 (Pan-allel.
1150 983 1186 1015 A
1204 983 1261 1022 27,
1278 983 1324 1016 39
1343 994 1379 1026 p.
1395 982 1464 1017 767
1480 982 1612 1026 Gaisf.)

198 1044 415 1088 Ἐπίκουρος
442 1049 554 1090 σοφῷ
579 1046 684 1090 μόνῳ
711 1046 780 1080 τὸν
808 1046 931 1088 σοφὸν
958 1045 1225 1091 (καταληπτὸν
1251 1045 1380 1091 εἶναι).

319 1125 501 1161 emm-„ms
529 1127 637 1160 Alex.
665 1134 785 1161 strom.
812 1135 826 1160 1
856 1128 898 1161 15
924 1139 958 1172 p.
981 1128 1061 1168 130,
1080 1128 1125 1162 37
1145 1128 1247 1171 Sylb.
1284 1129 1305 1163 ό
1332 1128 1373 1163 δὲ
1397 1127 1615 1172 Ἐπίκουρος

200 1192 360 1233 ἔμπαλιν
387 1191 642 1234 ὑπολαμβάνει
669 1191 809 1234 μόνους
834 1194 1096 1236 φιλοσοφῆσαι
1122 1192 1304 1235 Ἕλληνας
1330 1193 1523 1227 δύνασθαι.

200 1255 400 1291 Β.ιῐ·;πϊ1νε
428 1255 538 1291 nmo.
564 1266 591 1291 x
621 1258 686 1290 117
714 1257 804 1292 οὐδὲ
830 1258 904 1300 μὴν
931 1257 972 1293 ἑκ
998 1257 1123 1301 πάσης
1148 1257 1327 1299 σώματος
1352 1258 1465 1299 ἕξεως
1490 1257 1615 1301 σοφὸν

200 1321 376 1363 γενέσθαι
404 1321 449 1356 ἂν
476 1321 557 1356 οὐδ’
586 1322 626 1357 ἐν
653 1322 766 1357 παντὶ
792 1322 891 1358 ἔθνει
917 1322 1036 1366 (δοκεῖ
1060 1321 1296 1367 Ἐπικούρῳ).

250 1437 318 1469 DE
342 1435 564 1468 ARTIBVS

321 1516 470 1551 Snx'rvs
497 1516 617 1560 empir.
638 1517 718 1549 adu.
737 1517 903 1551 mathem.
922 1524 935 1550 1
961 1518 972 1550 1
1002 1516 1081 1560 Τὴν
1107 1517 1203 1561 πρὸς
1226 1517 1318 1559 τοὺς
1343 1516 1419 1551 ἀπὸ
1443 1519 1524 1551 τῶν
1549 1526 1615 1559 μα-

200 1581 381 1625 θημάτων
408 1581 627 1625 ἀντίρρησιν
653 1581 872 1625 κοινότερον
899 1581 966 1623 μὲν
993 1581 1244 1617 διατεθεῖσθαι
1271 1581 1450 1616 δοκοῦσιν
1471 1580 1614 1625 οἱπερὶ

199 1648 267 1682 τὸν
286 1645 506 1689 Ἐπίκουρον
533 1646 667 1687 ...ὡς
691 1647 770 1680 τῶν
797 1645 1031 1690 μαθημάτων
1055 1646 1172 1689 μηδὲν
1200 1645 1491 1689 συνεργούντων
1516 1645 1613 1690 πρὸς

200 1710 338 1754 σοφίας
355 1709 560 1753 τελείωσιν,
587 1711 610 1752 ἢ
630 1711 684 1751 ὥς
698 1720 798 1752 τινες
815 1709 1017 1754 εἰκάζουσι,
1040 1713 1158 1746 τοῦτο
1174 1709 1427 1754 προκάλυμμα
1443 1712 1513 1753 τῆς
1531 1711 1615 1745 ἑαυ-

200 1778 279 1809 τῶν
305 1773 550 1816 ἀπαιδευσίας
575 1775 671 1809 εἶναι
696 1773 914 1817 νομίζοντες
940 1774 997 1818 (ὲν
1023 1777 1176 1816 πολλοῖς
1193 1774 1265 1818 γὰρ
1285 1774 1432 1817 ἀμαθὴς
1449 1773 1614 1810 Ἐπίκου-

200 1850 266 1884 ρος
290 1839 482 1883 ἐλέγχεται
509 1839 600 1882 ...),
627 1838 725 1882 τάχα
751 1839 793 1874 δὲ
818 1840 880 1874 καὶ
905 1839 966 1875 διὰ
990 1839 1060 1882 τὴν
1086 1839 1181 1883 πρὸς
1205 1839 1296 1881 τοὺς
1320 1840 1407 1883 περὶ
1423 1838 1615 1874 Πλάτωνα
1641 1864 1647 1871 .

201 1905 262 1938 καὶ
279 1903 521 1948 Ἀριστοτέλη
539 1904 600 1938 καὶ
618 1903 709 1946 τοὺς
733 1901 888 1947 ὁμοίους
906 1903 1130 1947 δυσμένειαν
1149 1905 1378 1945 πολυμαθεῖς
1394 1904 1613 1945 γεγονότας.

202 1968 346 2001 CICERO
373 1968 418 2001 de
445 1969 574 2000 finibus
601 1975 631 2001 11
657 1970 690 2007 4,
713 1967 755 2001 12
795 1968 914 2012 ‘quod
941 1969 1050 2001 uestri
1076 1969 1223 2012 quidem
1249 1968 1309 2000 uel
1335 1968 1468 2011 optime
1495 1967 1616 2010 dispu-

201 2038 286 2072 tant,
313 2032 402 2065 nihil
430 2043 520 2076 opus
543 2043 624 2065 esse
643 2042 733 2072 eum,
757 2032 998 2077 philosophus
1018 2033 1079 2075 qui
1097 2033 1235 2065 futurus
1254 2032 1311 2067 sit.
1338 2032 1429 2064 scire
1447 2031 1585 2064 litteras
1596 2031 1615 2066 '.
1639 2043 1666 2068 2.

202 2098 246 2130 cs.
273 2097 368 2130 idem
394 2097 438 2129 de
465 2096 523 2130 fin.
545 2104 561 2130 1
584 2096 644 2135 21,
664 2098 706 2131 71
724 2108 778 2140 sq.
804 2096 884 2140 ‘qui
909 2097 1007 2140 quod
1034 2097 1100 2129 tibi
1126 2107 1248 2140 parum
1275 2095 1417 2128 uidetur
1443 2095 1615 2133 eruditus,

202 2171 244 2193 ea
262 2171 387 2194 caussa
406 2166 470 2199 est,
496 2161 593 2204 quod
619 2161 753 2194 nullam
781 2160 1016 2193 eruditionem
1045 2171 1124 2193 esse
1153 2160 1253 2193 duxit
1278 2160 1346 2193 nisi
1373 2170 1464 2204 quae
1491 2159 1616 2192 beatae

202 2227 297 2259 uitae
326 2225 551 2269 disciplinam
578 2226 727 2259 iuuaret.
778 2235 821 2258 an
847 2225 911 2258 ille
937 2230 1076 2269 tempus
1102 2230 1162 2258 aut
1187 2225 1224 2258 in
1246 2225 1368 2269 poetis
1397 2224 1613 2257 euoluendis

323 2363 343 2396 4
370 2363 558 2406 Epicurus
585 2363 655 2397 del.
682 2363 845 2396 Baiterus
884 2367 891 2401 Ι
929 2364 950 2397 5
977 2363 1022 2397 cf.
1049 2363 1090 2397 E.
1117 2362 1252 2395 Rohde
1279 2363 1316 2394 in
1346 2362 1437 2394 actis
1465 2372 1618 2394 conuen-

202 2426 258 2454 tus
292 2421 559 2465 philologorum
591 2422 774 2455 Treuerici
814 2433 843 2455 a.
875 2422 964 2456 1879
996 2433 1030 2466 p.
1050 2422 1095 2456 73
1150 2420 1166 2465 ΙΙ
1222 2422 1263 2455 11
1303 2426 1399 2454 reete
1434 2421 1618 2454 Dielesius

204 2480 441 2523 Xenophanis
468 2481 619 2514 contulit
644 2481 777 2513 dictum
803 2481 918 2515 Laert.
948 2488 987 2515 1x
1017 2480 1064 2514 20
1096 2480 1220 2522 σοφὸν
1243 2479 1318 2523 γὰρ
1345 2480 1441 2515 εἶναι
1467 2480 1523 2514 δεῖ
1550 2480 1618 2513 τὸν

203 2538 512 2581 ἐπιγνωσόμενον
539 2540 607 2574 τὸν
632 2540 757 2587 σοφόν
790 2538 806 2583 ΙΙ
844 2539 885 2572 17
913 2540 956 2573 cf.
985 2539 1025 2574 fr.
1048 2539 1125 2573 117.
1148 2538 1215 2572 163
1241 2539 1485 2582 Quintilianus
1513 2549 1618 2583 supra

203 2609 236 2641 p.
259 2598 334 2637 109,
354 2598 396 2632 19
429 2599 588 2631 Lactant.
607 2599 641 2631 d.
661 2598 742 2631 inst.
762 2604 807 2631 111
831 2598 884 2636 17,
900 2598 932 2631 3.
965 2599 1029 2630 sed
1057 2598 1141 2630 audi
1160 2598 1303 2630 Sextum
1329 2598 1353 2632 1.
1373 2608 1401 2632 s,
1420 2605 1433 2631 1
1454 2597 1500 2631 49
1526 2606 1617 2640 συμ·

203 2656 345 2699 φωνως
369 2657 441 2701 γὰρ
468 2657 508 2700 (ἡ
527 2657 693 2700 προτέρα
711 2655 949 2700 γραμματική
975 2667 1024 2690 sc.
1043 2657 1067 2699 ἠ
1085 2658 1164 2690 τῶν
1182 2656 1494 2700 γραμματιστῶν)
1523 2656 1618 2690 κατὰ

203 2715 348 2757 πάντας
374 2716 453 2751 ἑστί
480 2716 672 2759 χρειώδης.
700 2715 740 2750 ἑν
760 2715 815 2756 οἷς
833 2715 965 2750 Θετέον
990 2714 1135 2750 καὶτὸν
1154 2714 1385 2758 Ἐπίκουρον,
1412 2714 1444 2750 εί
1469 2715 1530 2749 καὶ
1556 2715 1618 2749 bo·

205 2776 260 2809 κεῖ
285 2777 364 2816 τοῖς
390 2774 466 2808 ἀπὸ
491 2776 570 2808 τῶν
598 2774 831 2818 μαθημάτων
858 2773 1123 2818 διεχθραίνειν’
1150 2774 1190 2810 ἐν
1216 2776 1310 2816 γοῦν
1337 2776 1414 2809 κτλ.
1443 2775 1499 2816 (fr.
1518 2774 1580 2818 22)
