1842 3250
582 201 788 234 EPICVRI
821 200 1082 233 CANONICA
1475 195 1542 231 179

127 318 282 359 logicam
311 317 381 350 sibi
405 316 589 349 uindicant
616 321 651 348 et
676 321 712 348 tu
739 315 844 347 huius
873 315 1042 347 scientiae
1072 314 1305 346 deliramenta
1331 313 1543 348 contemnis.

128 382 163 415 in
191 383 256 414 hac
282 386 380 425 parte
405 381 605 424 Epicureus
633 391 684 423 es,
724 390 801 412 nec
830 380 1009 422 quaeris
1035 389 1122 421 quo
1149 378 1295 415 modo,
1338 377 1412 409 sed
1441 376 1543 418 quid

127 446 339 488 loquaris.
382 445 468 489 quid
501 445 593 478 enim
623 444 667 476 ad
694 448 729 476 te
754 444 921 487 pertinet,
963 444 992 475 si
1019 443 1111 475 alius
1138 453 1211 475 non
1237 440 1425 481 intellegat
1458 441 1545 483 quid

86 517 102 541 4
128 508 221 541 uelis
247 508 379 547 dicere,
406 508 490 552 quia
515 518 587 541 non
618 507 661 539 ad
688 517 821 546 omnes,
849 507 913 539 sed
940 507 983 538 ad
1010 512 1090 539 tuos
1118 505 1319 549 loqueris?’

33 588 102 623 ¹244
249 587 402 624 SEx'rvs
429 589 549 633 empir.
577 589 656 621 adu.
685 589 840 629 dogmat.
866 595 895 620 ιι
921 587 1150 631 (math.v¹11)
1169 586 1190 619 9
1219 587 1240 620 ὁ
1268 586 1308 620 δὲ
1327 584 1545 628 Ἐπίκουρος

126 655 174 689 τὰ
202 655 268 696 μὲν
295 653 459 697 αἰσθητὰ
488 653 614 687 πάντα
648 653 775 693 ἔλεγεν
803 651 924 695 ἀληθῆ
957 652 1017 686 καί
1044 651 1155 685 ὄντα·
1199 651 1245 685 οὐ
1273 650 1445 693 διήνεγκε
1471 649 1544 691 γὰρ

128 719 264 762 ἀληθὲς
291 717 385 753 εἷναί
410 728 445 753 τι
471 718 594 759 λέγειν
620 717 643 759 ἢ
674 717 855 760 ὑπάρχον.
900 716 1007 751 ἔνθεν
1034 717 1094 749 καὶ
1121 715 1358 759 ὑπογράφων
1385 714 1544 757 τάληθὲς

128 784 189 818 καὶ
213 783 356 825 ψεῦδος
388 783 488 817 ἔστι
513 782 631 825 φησιν
666 780 832 824 ἀληθὲς
864 781 917 814 τὸ
952 781 1102 822 οὕτως
1135 781 1239 822 ἔχον
1273 781 1331 821 ὡς
1363 779 1547 820 λέγεται

130 849 261 890 ἔχειν.
289 847 349 882 καὶ
374 846 544 890 ψεῦδός
570 846 684 889 ἐστι,
709 844 814 888 φησί,
839 844 892 878 τὸ
917 845 999 887 οὐχ
1027 845 1174 885 οὕτως
1201 845 1306 887 ἔχον
1334 844 1390 885 ὡς
1415 843 1542 882 λέγε-

0 911 2 943 ῐ
72 925 106 948 10
128 922 202 947 ται
229 912 362 954 ἔχειν.

178 1006 246 1039 DE
270 1005 445 1039 IVDICII
471 1005 639 1037 NORMI
643 1004 667 1036 S

10 1120 12 1126 .
35 1091 104 1124 245
252 1087 393 1122 Cremo
411 1087 556 1121 Luculli
575 1087 631 1125 46,
652 1088 718 1120 142
744 1087 752 1098 ‘
766 1087 862 1120 aliud
882 1088 1028 1130 Epicuri
1048 1087 1235 1129 (iudicium
1255 1086 1334 1129 esi),
1361 1087 1421 1128 qui
1441 1096 1544 1118 omne

130 1152 303 1185 iudicium
320 1153 356 1187 in
375 1153 540 1186 sensibus
569 1157 602 1184 et
629 1153 666 1184 in
692 1162 806 1184 rerum
833 1152 968 1184 notitiis
997 1157 1030 1184 et
1057 1152 1093 1184 in
1121 1152 1306 1194 uoluptate
1333 1149 1545 1184 constituit’.

178 1246 195 1277 1
235 1246 302 1278 DE
329 1245 486 1278 SENSV

15 1355 21 1383 ς
36 1330 106 1364 246
251 1325 448 1361 LAER'mvs
476 1325 585 1360 DIOG.
611 1334 652 1360 lx
684 1327 750 1360 106
787 1327 889 1361 ἔστιν
914 1326 983 1360 οὖν
1007 1326 1198 1370 κριτήριον
1225 1327 1322 1361 κατὰ
1348 1327 1438 1367 τοὺς
1465 1336 1547 1361 σκε-

0 1390 22 1467 ’μ
76 1407 106 1431 ιο
130 1392 287 1434 πτικοὺς
312 1392 356 1426 τὸ
382 1391 626 1434 φαινόμενον,
667 1392 718 1432 ὡς
743 1393 802 1425 καὶ
830 1391 1081 1435 Αἰνησίδημός
1108 1400 1245 1434 φησιν·
1290 1392 1392 1426 οὕτω
1418 1390 1459 1424 δὲ
1486 1390 1546 1424 καὶ

6 1449 24 1516 3}
131 1456 359 1500 Ἐπίκουρος.

36 1540 106 1573 247
253 1536 404 1572 SEXTVS
432 1539 552 1581 empir.
579 1539 660 1570 adu.
687 1539 843 1579 dogmat.
871 1546 883 1571 1
910 1537 1090 1582 (mathem.
1118 1538 1193 1580 VH)
1221 1538 1290 1572 203
1330 1536 1547 1581 Ἐπίκουρος

131 1603 172 1639 δὲ
199 1604 304 1638 δυοῖν
337 1603 461 1637 ὄντων
494 1605 571 1636 τῶν
606 1603 875 1644 συζυγούντων
905 1602 1079 1645 ἀλλήλοις
1117 1603 1361 1646 πραγμάτων,
1403 1613 1546 1646 φαντα-

11 1677 29 1696 22
74 1677 108 1702 20
131 1667 213 1709 σίας
239 1669 301 1702 καὶ
326 1671 396 1710 τῆς
421 1667 541 1711 δόξης,
573 1668 722 1702 τούτων
748 1668 819 1711 τὴν
844 1668 1071 1711 φαντασίαν,
1111 1668 1158 1711 ἣν
1185 1669 1245 1702 καὶ
1281 1667 1547 1712 ἐνάργειαν

131 1733 246 1775 καλεῖ,
274 1732 333 1766 διὰ
354 1732 498 1773 παντὸς
523 1731 645 1775 ἀληθῆ
663 1741 781 1776 φησιν
808 1732 1000 1776 ὑπάρχειν.
1028 1733 1081 1774 ὡς
1105 1732 1178 1775 γὰρ
1203 1732 1250 1767 τὰ
1280 1734 1413 1775 πρῶτα
1431 1732 1547 1775 πάθη,

131 1796 330 1832 τουτέστιν
359 1796 481 1839 ἡδονὴ
513 1797 573 1831 καὶ
608 1797 725 1837 πόνος
760 1796 835 1831 ἀπὸ
871 1799 1079 1840 ποιητικῶν
1111 1807 1226 1831 τινων
1253 1798 1313 1831 καὶ
1340 1795 1421 1831 κατ’
1451 1797 1548 1831 αὐτὰ

130 1861 179 1896 τὰ
204 1861 383 1905 ποιητικὰ
407 1860 639 1904 συνίσταται,
680 1860 762 1896 οἷον
789 1862 812 1904 ἡ
838 1862 905 1903 μὲν
931 1862 1052 1905 ἡδονὴ
1080 1861 1155 1895 ἀπὸ
1181 1863 1260 1895 τῶν
1286 1861 1422 1905 ἡδέων,
1456 1862 1479 1904 ἡ
1508 1861 1548 1896 δὲ

133 1925 310 1969 ἀλγηδὼν
343 1925 422 1961 ἀπὸ
453 1928 532 1961 τῶν
564 1925 759 1968 ἀλγεινῶν,
801 1926 860 1960 καὶ
896 1926 985 1961 οὔτε
1010 1925 1055 1960 τὸ
1082 1927 1150 1969 τῆς
1176 1926 1316 1968 ἡδονῆς
1349 1925 1548 1968 ποιητικὸν

15 1985 39 2010 Ὓ
77 2003 110 2029 25
135 1989 325 2034 ἐνδέχεταί
357 2000 451 2025 ποτε
483 1990 533 2033 μὴ
567 1990 661 2025 εἶναι
690 1990 763 2033 ἡδὺ
789 1990 879 2025 οὔτε
904 1990 950 2024 τὸ
977 1991 1047 2033 τῆς
1079 1990 1290 2033 ἀλγηδόνος
1321 1991 1547 2034 παρεκτικὸν

134 2054 185 2097 μὴ
211 2055 392 2098 ὑπάρχειν
418 2054 603 2096 ἀλγεινόν,
630 2053 708 2089 ἀλλ’
727 2054 874 2098 ἀνάγκη
900 2056 961 2089 καὶ
987 2055 1032 2089 τὸ
1058 2054 1152 2098 ἧδον
1178 2055 1249 2098 ἡδὺ
1278 2056 1337 2090 καὶ
1362 2055 1408 2089 τὸ
1437 2054 1549 2097 ἀλγῦ-

133 2129 202 2154 νον
229 2118 403 2161 ἀλγεινὸν
429 2119 500 2162 τὴν
529 2119 644 2162 φύσιν
671 2119 904 2162 ὑποκεῖσθαι,
932 2120 1036 2154 οὕτω
1061 2121 1121 2154 καί
1148 2120 1208 2154 ἐπὶ
1226 2122 1305 2154 τῶν
1324 2122 1548 2162 φαντασιῶν

135 2185 268 2218 παθῶν
300 2184 385 2226 περὶ
416 2183 514 2226 ἡμᾶς
548 2184 677 2218 οὐσῶν
704 2184 750 2218 τὸ
776 2182 974 2227 ποιητικὸν
1007 2184 1167 2228 ἑκάστης
1201 2185 1329 2219 αὐτῶν
1358 2184 1480 2229 πάντῃ
1507 2196 1549 2220 τε

20 2288 23 2296 A
136 2249 198 2282 καὶ
215 2247 371 2289 πάντως
388 2247 612 2291 φανταστόν
640 2248 753 2290 ἐστιν,
781 2248 802 2282 ὃ
829 2248 898 2283 οὐκ
926 2248 1116 2291 ἐνδέχεται
1144 2250 1186 2283 ὂν
1214 2250 1447 2292 φανταστόν,
1471 2248 1547 2295 <εἰ>

21 2310 23 2345 ζ
44 2300 46 2304 ’
79 2325 113 2350 30
137 2312 186 2354 μὴ
214 2312 376 2356 ὑπάρχοι
401 2313 482 2347 κατ’
505 2312 684 2356 ἀλήθειαν
710 2317 887 2348 τοιοῦτον
915 2313 997 2349 οἷον
1023 2314 1209 2357 φαίνεται,
1237 2315 1433 2358 ποιητικὸν
1454 2326 1549 2356 φαν-

256 2439 279 2473 8
307 2438 505 2472 hariolatur
536 2440 691 2473 Ioannes
723 2441 864 2474 Siculus
896 2442 933 2473 in
963 2442 1135 2483 Hermog.
1170 2448 1192 2475 t.
1212 2449 1252 2475 VI
1278 2453 1311 2485 p.
1333 2442 1414 2479 202,
1433 2443 1477 2475 24
1497 2453 1550 2485 sq.

139 2497 255 2531 Walz.
310 2496 326 2541 ss
381 2499 425 2532 12
452 2499 494 2533 cf.
523 2499 564 2532 fr.
586 2500 632 2533 35
685 2501 690 2542 Ι
746 2501 788 2533 13
816 2500 1037 2543 uoluptatem
1066 2500 1218 2544 scriptor
1243 2501 1389 2543 Epicuri
1415 2501 1549 2536 πάθεσι

139 2556 322 2588 substituit
339 2556 518 2590 maleuole
560 2557 577 2602 ss
616 2558 658 2591 21
689 2560 732 2593 cf,
752 2559 793 2593 fr.
814 2559 885 2593 260
923 2561 929 2598 l
967 2559 1012 2592 22
1039 2560 1120 2593 κατ’
1144 2559 1240 2594 αὐτὰ
1265 2560 1313 2594 τὰ
1342 2561 1548 2593 Bekkerus:

137 2613 232 2648 κατὰ
253 2616 373 2649 ταῦτα
390 2615 474 2648 libri
511 2616 518 2657 1
557 2618 601 2650 26
628 2617 792 2659 ἀλγῦνον
811 2617 871 2661 (cs.
892 2619 1018 2651 Sextus
1038 2619 1062 2651 l.
1084 2630 1110 2652 s.
1132 2619 1233 2662 368)ε
1262 2619 1450 2660 ἀλγοῦνον
1469 2620 1549 2653 eod.

136 2672 283 2706 Vratisl.
330 2673 337 2717 3
380 2674 427 2708 28
455 2675 616 2710 ἑκάστου
641 2677 744 2709 libri:
773 2687 861 2710 corr.
881 2678 1026 2721 Kayser
1051 2689 1139 2712 ιηιιε.
1168 2678 1288 2712 Rhen.
1316 2685 1371 2711 vll
1398 2690 1430 2721 p.
1456 2680 1516 2711 171
1549 2677 1554 2712 Ι

137 2730 185 2765 30
210 2731 259 2773 μὴ
286 2731 467 2775 ὑπάρχειν
494 2734 577 2767 libri
605 2736 653 2778 μὴ
681 2736 851 2779 ὑπάρχον
879 2737 1062 2768 Βοκὶεετιιε-
1478 2779 1550 2805 12*
