1842 3250
184 1276 253 1310 318

281 229 352 263 220
762 227 966 259 EPICVRI
993 227 1204 260 PHYSICA

281 345 430 382 mocriti,
466 344 573 376 atomi
605 344 720 381 inane,
756 343 928 383 imagines
956 353 1047 385 quae
1074 341 1209 376 εἴδωλα
1237 343 1428 379 nominant,
1462 353 1610 384 quorum
1638 343 1688 374 in-

281 408 445 440 cursione
473 419 544 440 non
571 408 686 440 solum
713 408 897 439 uideamus
925 407 988 438 sed
1015 407 1121 439 etiam
1148 407 1371 447 cogitemus'.

282 473 325 505 cf.
352 473 396 504 de
423 478 492 505 nat.
521 473 619 505 deor.
647 479 660 504 Ι
690 472 746 511 38,
777 472 844 505 108
883 472 965 503 ‘uos
992 476 1107 504 autem
1133 482 1203 503 non
1230 470 1338 503 modo
1364 471 1479 504 oculis
1504 471 1688 512 imagines,

283 538 348 569 sed
375 538 479 570 etiam
513 537 639 569 animis
672 536 884 569 inculcatis².
950 537 1006 575 38,
1036 536 1101 569 107
1140 535 1211 568 ‘sac
1237 535 1408 577 imagines
1438 546 1528 575 esse,
1560 536 1688 579 quibus

281 601 467 644 pulsentur
494 601 627 633 animi'.
1712 606 1728 632 5

282 665 527 699 AVGvs'rles
559 666 603 698 ad
636 666 850 697 Dioscorum
884 665 987 708 epist.
1015 672 1138 699 cxvm
1165 664 1211 697 27
1246 669 1268 697 t.
1294 671 1319 698 u
1347 675 1382 707 p.
1400 662 1488 697 340‘1
1514 664 1569 697 ed.
1596 665 1688 696 Ven.

283 729 374 763 1719
403 730 508 772 (infra
526 742 559 773 p.
578 730 660 767 237,
675 730 748 773 25).
783 730 826 762 cf.
848 729 935 762 ibid.
955 730 998 762 31
1018 741 1050 772 p.
1067 730 1156 763 342⁸
1182 729 1320 761 ‘dicant
1349 739 1445 770 ergo,
1472 729 1508 761 in
1535 740 1605 771 quo
1632 740 1690 770 ge-

281 805 364 826 nere
398 799 530 838 ponant
559 794 732 835 imagines
762 805 850 837 quas
879 794 924 826 de
954 794 1165 837 corporibus
1201 793 1434 825 solidioribus
1464 793 1592 825 afluere
1627 804 1690 836 pu·

281 863 355 890 tant
381 859 477 901 ipsas
503 859 646 891 minime
675 859 822 897 solidas,
849 859 898 891 ita
924 864 960 890 ut
985 864 1076 891 tactu
1103 859 1171 890 nisi
1198 859 1392 901 oculorum,
1418 869 1496 890 cum
1515 858 1688 896 uidemus,

282 928 315 955 et
336 923 456 960 animi,
482 934 558 955 cum
580 924 788 965 cogitamus,
810 922 931 955 sentiri
950 933 1021 954 non
1040 923 1188 966 possint,
1216 923 1245 954 si
1266 923 1395 966 etipsa
1413 933 1561 965 corpora
1580 921 1688 956 sunt‘.
1713 932 1745 956 ιι)

401 998 560 1043 [Al-:Tuis
595 997 839 1042 (Plutarchus)
868 1006 910 1031 lv
937 998 994 1041 23,
1022 998 1043 1031 2
1070 1010 1104 1041 p.
1123 999 1193 1032 414
1220 999 1264 1032 D.
1315 997 1529 1041 Ἐπίκουρος
1555 998 1615 1032 καὶ
1641 997 1688 1031 τὰ

280 1062 382 1105 πάθη
409 1063 470 1096 καί
494 1061 561 1103 τὰς
587 1061 778 1104 αἰσθήσεις
805 1062 845 1095 ἑν
872 1065 950 1103 τοῖς
976 1062 1185 1096 πεπονθόσι
1210 1062 1352 1103 τόποις,
1379 1062 1423 1095 τὸ
1450 1062 1490 1097 δὲ
1516 1062 1688 1105 ἡγεμονι-

280 1126 348 1161 κὸν
374 1124 544 1170 ἀπαθές]

326 1210 394 1242 DE
418 1209 533 1241 VISV

400 1274 543 1306 An'rlvs
570 1280 612 1305 tv
635 1273 689 1311 13,
711 1274 724 1305 l
754 1283 788 1316 p.
807 1273 876 1305 403
896 1273 941 1304 D.
968 1273 1078 1315 (Plut.
1097 1280 1138 1305 iv
1161 1273 1202 1305 13
1229 1271 1395 1305 Parallel.
1415 1272 1446 1305 O
1468 1273 1521 1310 14,
1540 1274 1573 1315 1)
1599 1271 1688 1306 Λεύ-
1716 1281 1746 1306 15

280 1347 417 1379 κιππος
444 1337 684 1381 Δημόκριτος
709 1336 925 1381 Ἐπίκουρος
954 1337 1050 1371 κατὰ
1077 1336 1244 1372 εἰδώλων
1271 1336 1449 1380 εἶσκρισιν
1476 1336 1619 1372 οἴονται
1644 1336 1689 1371 τὸ

279 1402 456 1445 ὁρατικὸν
483 1401 698 1444 συμβαίνειν
728 1402 857 1443 πάθος.

281 1465 482 1499 MELETIVS
508 1467 544 1499 in
572 1467 728 1499 Crameri
755 1467 877 1499 anecd.
905 1467 1020 1499 Oxon.
1046 1472 1071 1499 t.
1090 1473 1134 1499 111
1160 1477 1195 1509 p.
1214 1467 1271 1504 71,
1293 1467 1311 1498 7
1351 1465 1471 1500 πολλὰ
1499 1465 1540 1500 δὲ
1567 1464 1602 1499 οἱ
1629 1475 1688 1508 φι-

279 1531 443 1573 λόσοφοι
469 1532 553 1574 περὶ
581 1534 649 1572 τῆς
677 1530 864 1574 ἐνεργείας
891 1530 1032 1573 ταύτης
1058 1530 1330 1573 διηνέχθησαν·
1370 1530 1404 1564 οἱ
1432 1530 1497 1571 μὲν
1524 1530 1688 1564 Ἐπικού-

280 1605 372 1638 ρειοι
400 1595 536 1630 εἴδωλα
562 1597 641 1629 τῶν
667 1595 910 1637 φαινομένων
937 1593 1188 1638 προσπίπτειν
1207 1598 1286 1636 τοῖς
1304 1594 1512 1637 ὀφθαλμοῖς
1536 1594 1689 1635 λέγουσι
1713 1602 1746 1627 20

280 1659 339 1692 καί
365 1658 436 1700 τὴν
462 1658 594 1701 ὅρασιν
621 1662 752 1693 ποιεῖν.

399 1746 646 1779 ALEXANDER
665 1746 842 1779 Ammon.
861 1746 897 1777 in
915 1745 1026 1778 Arist.
1046 1755 1082 1778 π.
1104 1745 1199 1780 αἰσθ.
1218 1746 1238 1778 2
1259 1745 1307 1789 (ρ.
1324 1746 1412 1779 438⁸
1427 1747 1447 1779 5
1465 1745 1531 1789 sq.)
1549 1757 1583 1789 p.
1599 1747 1655 1783 51,
1668 1745 1688 1778 3

280 1810 387 1842 Thur.
415 1812 561 1853 ἡγεῖται
588 1810 627 1844 δὲ
656 1811 769 1852 αὐτός
795 1821 836 1845 τε
859 1811 1128 1854 (Δημόκριτος)
1155 1811 1215 1844 καὶ
1242 1811 1314 1854 πρὸ
1343 1810 1460 1844 αὐτοῦ
1479 1811 1690 1852 Λεύκιππος

279 1875 340 1909 καὶ
372 1876 534 1918 ὕστερον
563 1875 604 1909 δὲ
637 1875 672 1909 οἱ
704 1876 788 1918 περί
823 1875 889 1909 τὸν
917 1875 1135 1919 Ἐπίκουρον
1169 1875 1304 1910 εἴδωλά
1335 1886 1420 1910 τινα
1452 1875 1690 1919 ἀπορρέοντα

279 1940 520 1982 ὁμοιόμορφα
552 1943 630 1981 τοῖς
663 1940 729 1982 ἀφ’
755 1941 810 1974 ὧν
843 1939 1000 1983 ἀπορρεῖ
1035 1959 1075 1964 -
1107 1943 1228 1974 ταῦτα
1256 1941 1295 1975 δὲ
1322 1941 1402 1975 ἐστὶ
1425 1941 1472 1975 τὰ
1499 1940 1618 1984 ὁρατά
1646 1959 1687 1964 --
1713 1947 1746 1972 25

280 2004 476 2045 ἐμπίπτειν
509 2007 588 2047 τοῖς
620 2007 697 2039 τῶν
732 2005 914 2048 ὁρώντων
948 2004 1156 2048 ὀφθαλμοῖς
1188 2006 1248 2039 καί
1276 2005 1378 2040 οὕτω
1403 2005 1449 2039 τὸ
1475 2006 1567 2048 ὁρᾶν
1593 2004 1689 2046 γίνε-

280 2071 376 2102 σθαι.
420 2069 465 2103 οὗ
491 2069 694 2113 τεκμήριον
721 2069 966 2112 παρατίθεται
992 2070 1037 2103 τὸ
1063 2069 1120 2104 ἀεὶ
1144 2071 1222 2104 τῶν
1249 2069 1429 2114 ὁρώντων
1456 2070 1496 2104 ἐν
1521 2072 1568 2113 τῇ
1596 2069 1688 2114 κόρῃ

280 2133 375 2167 εἶναι
400 2134 471 2175 τὴν
505 2136 574 2168 τοῦ
610 2134 806 2177 ὁρωμένου
835 2134 997 2177 ἔμφασιν
1026 2135 1084 2168 καὶ
1111 2133 1280 2175 εἴδωλον,
1319 2132 1339 2168 ὃ
1367 2134 1412 2176 δὴ
1440 2134 1501 2168 καί
1526 2133 1571 2167 τὸ
1597 2133 1690 2176 ὁρᾶν

280 2198 385 2232 εἶναι.
450 2198 494 2232 cf.
520 2199 615 2231 idem
641 2209 678 2232 π.
706 2201 829 2241 ψυχῆς
856 2207 881 2232 11
912 2199 954 2232 13
982 2199 1091 2242 (πρὸς
1116 2199 1206 2239 τοὺς
1233 2198 1293 2233 διὰ
1319 2200 1386 2241 τῆς
1417 2200 1495 2232 τῶν
1521 2197 1689 2233 εἰδώλων

279 2262 511 2304 ἐμπτώσεως
535 2263 580 2296 τὸ
605 2264 698 2306 ὁρᾶν
725 2263 920 2305 λέγοντας)
949 2264 970 2297 1“.
993 2264 1060 2297 150
1085 2263 1172 2296 Ald.
1714 2273 1746 2298 30

281 2325 461 2360 GALENVS
488 2328 532 2359 de
560 2327 795 2371 Hippocratis
823 2333 857 2359 et
884 2327 1047 2360 Platonis
1074 2329 1250 2369 dogmatis
1278 2336 1336 2361 vu
1364 2328 1384 2360 7
1410 2333 1432 2361 t.
1451 2336 1478 2361 v
1503 2339 1537 2371 p.
1553 2327 1622 2361 643
1638 2328 1689 2361 K.

279 2401 312 2433 p.
333 2390 414 2428 643,
434 2391 455 2424 3
482 2392 611 2423 Muell.
646 2392 743 2426 πολὺ
770 2391 901 2426 τοίνυν
927 2392 1081 2434 ἄμεινον
1107 2392 1159 2433 ὡς
1184 2392 1223 2426 ἐν
1251 2393 1498 2435 ἐσφαλμένοις
1524 2391 1689 2426 Ἐπίκου-

280 2465 346 2499 ρος
371 2454 597 2498 ἀπεφήνατο
625 2458 702 2489 τῶν
729 2456 918 2491 Στωικῶν.
948 2458 1082 2491 ἐκεῖνοι
1108 2457 1174 2499 μὲν
1200 2456 1273 2501 γὰρ
1297 2459 1376 2491 τῶν
1401 2457 1551 2500 ὁρατῶν
1577 2457 1689 2491 οὐδὲν

403 2578 444 2609 11
473 2578 517 2608 de
543 2577 612 2610 fide
640 2579 685 2610 cf.
704 2578 807 2610 Diels
826 2579 985 2619 Doxogr.
1013 2589 1047 2621 p.
1067 2577 1136 2610 219
1151 2589 1203 2620 sq.
1245 2577 1260 2621 Η
1310 2578 1351 2610 16
1378 2577 1556 2621 εῖσκρισιν
1584 2578 1689 2610 Gale-

279 2645 362 2667 nus:
393 2634 588 2678 εἰσκρίσεις
614 2637 797 2668 Plutarchi
824 2636 907 2668 libii
934 2637 1098 2679 ἔγκρισιν
1122 2636 1253 2670 Parall.
1302 2636 1317 2680 Η
1371 2637 1415 2669 27
1442 2635 1688 2680 παρατίθεται

280 2695 519 2728 Democritus.
558 2706 600 2727 an
631 2696 736 2728 scrib.
766 2694 1059 2739 nuparieeth?
1110 2693 1126 2741 Η
1179 2695 1225 2730 32
1253 2695 1303 2737 ὡς
1329 2695 1429 2729 libri:
1469 2695 1489 2729 ὃ
1518 2695 1690 2729 edebatur

281 2757 361 2785 ante
388 2753 603 2786 Muellerum
