1842 3250
128 520 198 555 422

184 679 201 704 5

129 963 199 996 423

172 1042 203 1066 10

174 1386 204 1411 15

173 1709 207 1734 20

135 2038 206 2072 424

176 2113 209 2140 ’.νε

722 265 927 298 EPICVRI
953 266 1071 298 ETHI
1077 266 1139 299 CA
1567 263 1637 298 283

222 377 441 423 Ἐπίκουρος
471 379 541 414 οὒκ
573 378 691 413 οἴεται
723 377 922 420 μίγνυσθαι
954 379 1077 422 λύπην
1109 378 1241 422 ἡδονῇ,
1283 377 1376 421 μηδὲ
1402 377 1474 420 γὰρ
1507 376 1640 421 ἀγαθῷ

222 442 268 478 τὸ
293 443 421 477 κακόν.

336 518 435 560 τότε
466 518 615 570 χρείαν
645 517 802 569 ἔχομεν
832 520 910 569 τῆς
937 518 1113 569 ἡδονῆς,
1145 518 1253 560 ὅταν
1282 519 1329 560 ἐκ
1357 520 1434 559 τοῦ
1459 516 1512 568 μὴ
1535 530 1642 568 παρ-

224 592 332 632 εῖναι
367 590 502 641 αὐτὴν
539 590 757 642 ἀλγῶμεν“
814 590 921 633 ὅταν
969 592 1017 634 δὲ
1055 593 1185 633 τοῦτο
1224 592 1277 642 μὴ
1315 590 1555 642 πάσχωμεν
1594 589 1642 631 ἐν

224 663 424 714 αἰσθήσει
455 666 740 715 καθεστῶτες,
771 664 871 705 τότε
906 664 1085 715 οὐδεμία
1117 664 1236 715 χρεία
1268 666 1344 714 τῆς
1376 663 1556 714 ἡδονῆς·
1588 661 1642 704 οὐ

223 735 306 787 γὰρ
337 734 363 786 ἡ
395 737 472 786 τῆς
499 735 681 787 φύσεως
714 735 858 778 ἔνδεια
888 736 967 786 τὴν
999 735 1166 778 ἀδικίαν
1197 737 1311 776 ποιεῖ
1341 734 1514 786 ἔξωθεν,
1546 733 1641 776 ἀλλ’

223 808 250 860 ἡ
280 808 376 859 περὶ
408 808 487 859 τὰς
517 809 646 859 κενὰς
677 808 810 860 δόξας
841 808 993 861 ὄρεξις.

224 879 391 914 lomnes
416 879 611 914 Si'onmcvs
638 881 713 915 flor.
739 889 825 915 xvn
853 883 898 915 35
926 882 1003 916 Τοῦ
1030 882 1150 916 αὐτοῦ
1177 880 1275 925 (post
1302 882 1341 915 sr.
1365 881 1459 924 181).

339 956 389 998 τὸ
420 957 503 1008 γὰρ
531 959 688 998 ποιοῦν
720 956 1049 1009 ἀνυπέρβλητον
1085 958 1220 1007 γῆθος
1249 957 1300 998 τὸ
1331 956 1532 1007 πάραυτα
1569 969 1643 998 πε-

226 1029 451 1082 φυγμένον
490 1030 596 1080 μέγα
635 1029 786 1071 κακόν·
837 1030 905 1070 καὶ
945 1029 1051 1080 αὕτη
1093 1029 1226 1081 φύσις
1265 1028 1444 1078 ἀγαθοῦ,
1490 1027 1544 1071 ἄν
1579 1042 1644 1079 τις

226 1101 370 1154 ὀρθῶς
414 1102 607 1157 ἐπιβάλῃ,
655 1101 802 1144 ἔπειτα
843 1106 996 1158 σταθῇ,
1044 1103 1113 1144 καὶ
1156 1103 1209 1154 μὴ
1251 1105 1388 1153 κενῶς
1432 1105 1644 1157 περιπατῇ

225 1175 322 1228 περὶ
353 1175 521 1225 ἀγαθοῦ
553 1177 736 1227 θρυλῶνθ

226 1247 482 1282 ΡΙΝΤΑΒΟΗΥΒ
510 1253 632 1281 contra
650 1250 797 1292 Epicuri
824 1250 1082 1281 beatitudinem
1110 1249 1130 1282 7
1157 1260 1192 1291 p.
1215 1249 1323 1281 loma
1351 1248 1397 1282 οὐ
1425 1248 1542 1289 μόνον
1568 1246 1645 1282 τοί·

226 1323 294 1347 νυν
321 1313 482 1347 ἄπιστον
508 1313 568 1346 καὶ
595 1312 770 1355 ἀβέβαιον
795 1312 913 1356 ἀρχὴν
941 1313 1171 1354 λαμβάνουσι
1198 1315 1266 1346 τοῦ
1294 1312 1415 1355 ἡδέως
1441 1314 1520 1354 Ζῆν,
1549 1311 1644 1347 ἀλλὰ

228 1379 287 1412 καὶ
321 1378 561 1412 παντάπασιν
598 1378 937 1421 εὐκαταφρόνητον
970 1379 1030 1412 καὶ
1064 1377 1208 1421 μικράν,
1249 1377 1282 1411 εἴ
1306 1388 1377 1420 περ
1404 1377 1533 1417 αὐτοῖς
1566 1387 1643 1411 κα-

229 1444 317 1477 κῶν
351 1443 569 1486 ἀποφυγὴ
603 1443 648 1477 τὸ
684 1443 855 1486 χαρτόν
891 1443 1056 1477 ἐστικαὶ
1087 1442 1310 1484 τάγαθόν,
1351 1442 1442 1476 ἄλλο
1470 1441 1502 1475 δ’
1531 1441 1644 1475 οὐδὲν

229 1507 460 1542 διανοεῖσθαί
485 1517 614 1550 φασιν,
643 1508 722 1542 οὐδ’
752 1508 849 1549 ὅλως
875 1508 945 1549 τὴν
972 1508 1088 1549 φύσιν
1115 1507 1213 1549 ἔχειν
1240 1507 1327 1540 ὅποι
1353 1505 1554 1548 τεθήσεται
1580 1505 1644 1540 τά-

227 1572 347 1614 γαθὸν
371 1572 403 1607 εἰ
428 1573 477 1615 μὴ
505 1573 622 1615 μόνον
649 1573 736 1607 ὅθεν
764 1573 999 1607 ἐξελαύνεται
1026 1572 1070 1605 τὸ
1098 1572 1214 1605 κακὸν
1241 1572 1370 1613 αὐτοῖς
1398 1596 1504 1605 .....
1531 1571 1644 1612 ὅμοια

230 1637 271 1672 δὲ
297 1638 357 1671 καὶ
383 1637 430 1671 τὰ
456 1637 677 1681 Ἐπικούρου
704 1638 885 1679 λέγοντος
912 1637 994 1679 τὴν
1020 1639 1102 1670 τοῦ
1129 1637 1306 1678 ἀγαθοῦ
1331 1636 1472 1678 φύσιν
1499 1635 1541 1669 ἐξ
1569 1635 1645 1669 αὐ-

230 1702 309 1743 τῆς
335 1704 415 1744 τῆς
441 1703 591 1744 φυγῆς
625 1703 706 1735 τοῦ
734 1704 877 1734 κακοῦ
911 1702 982 1734 καὶ
1013 1703 1091 1741 τῆς
1125 1699 1303 1742 μνήμης
1335 1701 1407 1733 καὶ
1439 1697 1647 1740 ἐπιλογί-

230 1774 345 1807 σεως
370 1766 443 1800 καὶ
469 1765 673 1810 χάριτος,
717 1766 789 1799 ὅτι
816 1767 957 1799 τοῦτο
991 1765 1278 1807 συμβέβηκεν
1306 1765 1445 1807 αὐτῷ,
1485 1766 1647 1805 γεννᾶ-

230 1833 346 1865 σθαι.
385 1830 439 1864 τὸ
466 1830 549 1874 γὰρ
575 1833 743 1864 ποιοῦν
770 1829 887 1873 φησίν
915 1829 1273 1872 ἀνυπέρβλητον
1302 1855 1423 1862 .....
1452 1830 1646 1872 θρυλῶν.

230 1895 325 1928 idem
347 1895 434 1928 ibid.
459 1896 480 1928 8
500 1906 532 1938 p.
553 1895 659 1929 1091ο
684 1893 907 1937 Ἐπίκουρος
936 1913 977 1918 —-
1007 1894 1067 1927 καὶ
1087 1893 1347 1936 Μητρόδωρος
1373 1892 1507 1927 οὐσίαν
1534 1892 1648 1935 τάγα-

230 1962 301 1995 θοῦ
328 1960 389 1994 καὶ
415 1959 609 2003 ἀκρότητα
635 1959 705 2002 τὴν
731 1962 801 1993 τοῦ
828 1962 946 1993 κακοῦ
974 1959 1100 2001 φυγὴν
1126 1958 1323 1999 τιθέμενοι.

353 2035 606 2069 PLVTARCHVS
642 2040 765 2068 contra
793 2010 938 2078 E=Picuri
966 2035 1137 2066 beatitud,
1164 2034 1185 2067 5
1214 2044 1248 2076 p.
1272 2034 1381 2067 1090*
1421 2032 1500 2067 ἀλλ’
1527 2033 1648 2067 ἀξιοῦ-

228 2111 300 2144 μεν
327 2101 467 2142 αὐτοὺς
495 2127 615 2134 .....
644 2100 693 2143 μὴ
724 2099 927 2142 λαμβάνειν
962 2101 1078 2142 χαρᾶς
1111 2097 1230 2142 ἀρχὴν
1260 2097 1410 2141 ἁπάσης
1438 2096 1553 2142 (τὴν)
1581 2098 1650 2139 τῆς

232 2165 401 2210 σαρκὸς
427 2164 716 2200 εὐστάθειαν.

355 2270 370 2302 1
399 2274 597 2312 repugnant
621 2279 713 2311 quae
738 2267 782 2300 de
801 2268 899 2301 luctu
918 2268 985 2311 Ep.
1011 2268 1100 2299 dixit
1125 2267 1165 2300 fr.
1189 2267 1255 2300 18ss
1282 2267 1327 2298 cf.
1348 2266 1414 2299 120
1430 2271 1465 2298 et
1478 2266 1559 2299 213«.
1587 2265 1651 2297 sed

232 2327 317 2360 uide
336 2329 376 2360 fr.
392 2328 462 2361 420
492 2327 507 2371 {l
538 2328 558 2360 3
586 2328 630 2360 cf.
649 2328 715 2371 Ep.
737 2338 792 2370 cp.
811 2334 855 2360 m
881 2327 945 2360 128
978 2327 983 2369 l
1019 2327 1039 2358 6
1065 2325 1205 2370 ἔνδεια]
1225 2326 1344 2369 ἡδονὴ
1365 2325 1449 2358 libri
1477 2336 1518 2357 ex
1548 2334 1650 2367 supe-

232 2387 387 2420 rioribus
405 2387 592 2430 inlapsum.
613 2386 682 2418 hoc
699 2387 785 2418 dicit
799 2386 991 2429 Epicurus:
1011 2396 1082 2417 non
1100 2385 1198 2428 quod
1214 2389 1337 2416 natura
1356 2394 1428 2416 non
1446 2382 1652 2427 suppeditet

232 2446 376 2487 largiter
401 2457 491 2488 quae
518 2446 718 2478 necessaria
745 2445 851 2477 nobis
879 2444 959 2482 sint,
987 2444 1050 2476 sed
1071 2444 1168 2487 quod
1194 2444 1264 2486 ipsi
1290 2443 1391 2475 nanis
1418 2441 1651 2485 opinionibus

234 2505 372 2548 abrepti
397 2505 499 2548 plura
527 2505 699 2548 cupimus,
737 2515 779 2536 eo
806 2503 843 2536 fit
870 2509 908 2535 ut
934 2504 1025 2535 male
1054 2504 1214 2535 uiuamus
1264 2503 1279 2545 ss
1329 2503 1350 2535 9
1371 2513 1421 2544 sq.
1450 2501 1494 2534 cf,
1522 2502 1561 2534 fr.
1582 2499 1650 2533 397

233 2574 267 2607 p.
283 2564 364 2603 266,
381 2565 414 2597 3.
433 2564 513 2600 272.
534 2565 547 2596 1
574 2567 578 2605 1
601 2564 688 2606 παρ’
707 2563 802 2597 αὐτὸ
819 2563 902 2595 libri
921 2562 1008 2605 παρ’
1024 2562 1144 2596 αὑτοῦ
1161 2562 1337 2594 Reiskius
1360 2561 1366 2603 Ι
1388 2558 1651 2604 πεφυγμένον]

235 2623 465 2665 πεφευγέναι
480 2623 687 2664 γενόμενον
703 2622 1061 2665 ci.Wyttenbachius
1090 2621 1094 2664 1
1130 2622 1165 2653 11
1186 2620 1365 2663 ἐπιβάλλῃ
1383 2620 1466 2652 libri
1489 2620 1495 2661 ι
1529 2619 1570 2652 18
1586 2619 1650 2652 αὺ-

234 2683 304 2724 τῆς
329 2683 411 2714 libri
434 2683 439 2724 l
461 2682 650 2714 intercedit
676 2681 876 2714 Metrodori
905 2681 945 2712 fr.
965 2687 1007 2713 lv
1034 2691 1067 2723 p.
1089 2681 1135 2713 44
1157 2680 1273 2712 Βυεπ,
1301 2680 1396 2720 ὥςτε
1422 2677 1527 2712 τοῦτ’
1555 2677 1651 2711 αὐτὸ

234 2740 403 2783 τάγαθόν
422 2741 501 2775 ἐστι
518 2741 563 2775 τὸ
581 2743 716 2784 φυγεῖν
734 2740 779 2774 τὸ
799 2741 916 2775 κακόν
934 2740 1008 2774 κτὲ.
1034 2742 1038 2781 Ι
1063 2741 1107 2772 22
1127 2739 1286 2782 sequitur
1299 2740 1339 2771 fr.
1354 2739 1424 2772 419
1439 2735 1567 2781 p.282‚
1580 2738 1622 2770 14

236 2800 282 2833 25
311 2800 486 2842 integrum
513 2801 632 2832 locum
659 2800 771 2832 habes
800 2800 841 2833 sn
862 2800 932 2833 600
979 2801 984 2842 Ι
1032 2799 1076 2832 26
1103 2799 1173 2840 τὴν
1201 2799 1324 2830 addidi
