1842 3250
665 250 847 284 EPICVR
854 253 871 284 Ι
900 252 1085 285 ETHICA
1511 254 1580 287 279

168 362 341 406 γελάσας,
379 363 432 405 εἰς
463 364 535 406 τὴν
559 364 761 408 γαστέρα
793 369 872 407 τοῖς
904 366 1085 410 ἀνδράσιν
1118 368 1242 409 ἔοικας
1274 368 1486 403 ἐναλεῖσθαι
1517 370 1578 403 καὶ

169 427 237 462 τὸν
264 428 348 471 περὶ
374 429 454 461 τῶν
479 430 600 471 κρεῶν
628 428 778 464 ἐπάξειν
802 429 1083 473 ἀφαιρούμενος
1108 431 1261 474 ἡδονήν.

168 490 410 526 Hnansmrvs
435 493 618 526 Athenaei
643 500 700 527 vn
726 505 759 536 p.
779 494 872 528 279·1
894 495 1010 539 (Com.
1036 503 1075 528 ιν
1101 507 1136 538 p.
1155 496 1249 537 481).

73 573 144 607 410
288 571 547 607 PLVTARGBVS
574 580 696 608 contra
720 576 865 619 Epicuri
891 577 1148 610 beatitudinem
1175 578 1198 610 9
1223 589 1257 621 p.
1283 577 1390 611 1092‘1
1421 579 1489 620 τὰς
1515 580 1583 621 μὲν

128 651 145 676 5
167 636 240 681 γὰρ
266 637 327 672 ἐπὶ
352 637 462 682 σαρκὶ
495 639 557 673 καὶ
589 639 728 682 σαρκὸς
760 639 940 684 εὐπαθείᾳ
967 644 1037 683 τῆς
1061 644 1185 684 ψυχῆς
1220 642 1473 685 διαχύσεις,
1515 644 1581 677 ἐὰν

167 701 238 736 ὦσι
264 701 420 745 μέτριαι,
454 701 575 745 μηδὲν
601 703 762 745 ἐχούσας
787 703 882 745 μέγα
909 704 995 747 μηδ’
1022 704 1230 747 ἀξιόλογον,
1265 705 1312 739 ἂν
1341 706 1375 739 δ’
1399 707 1583 750 ὑπερβάλ-

166 767 272 808 λωσι,
309 766 406 809 πρὸς
431 768 489 810 τῷ
514 769 614 811 κενῷ
640 767 702 801 καὶ
726 766 890 811 ἀβεβαίῳ
921 768 1104 812 φορτικὰς
1128 769 1363 812 φαινομένας
1398 771 1460 804 καί
1495 773 1582 815 θρα-

167 828 280 872 σείας,
314 830 405 865 οὐδέ
431 831 593 873 ψυχικὰς
619 831 666 866 ἄν
694 842 750 873 τις
778 832 867 866 οὐδὲ
893 832 1021 876 χαράς,
1051 832 1146 867 ἀλλὰ
1171 837 1402 876 σωματικαῖς
1427 835 1581 878 ἡδοναῖς

167 893 251 929 οἷον
278 894 545 937 ἐπιμειδιάσεις
569 896 630 929 καὶ
655 897 948 939 συνεπιθρύψεις
973 896 1173 940 προσείποι
1198 901 1268 940 τῆς
1292 901 1426 941 ψυχῆς.

112 965 145 990 10
168 957 349 992 GALENVS
382 960 427 992 de
453 960 688 1004 Hippocratis
720 967 755 993 et
781 961 943 994 Platonis
971 962 1148 1002 dogmatis
1177 971 1220 997 W
1245 964 1267 996 2
1292 970 1315 997 t.
1333 972 1361 996 V
1386 976 1419 1008 p.
1440 964 1506 998 367
1531 966 1582 998 K.

166 1034 201 1068 p.
221 1023 303 1063 337,
322 1025 343 1058 6
362 1024 491 1058 Muell.
531 1025 572 1059 ἐν
598 1025 730 1067 μέντοι
754 1026 802 1068 δὴ
826 1026 977 1067 τούτοις
1005 1030 1083 1068 τοῖς
1112 1027 1215 1070 ὅροις
1241 1028 1358 1072 ὁρμὰς
1385 1030 1446 1063 καὶ
1473 1030 1582 1071 δόξας

166 1088 228 1122 καὶ
260 1087 398 1131 κρίσεις
426 1089 608 1133 ὑπάρχειν
636 1090 754 1125 οἴεται
781 1090 1030 1134 (Χρύσιππος)
1057 1092 1105 1126 τὰ
1131 1093 1246 1136 πάθη,
1287 1093 1383 1127 κατὰ
1411 1094 1451 1128 δέ
1478 1105 1583 1136 τινας

165 1154 245 1187 τῶν
271 1153 408 1196 ἑφεξῆς
424 1153 631 1199 Ἐπικούρῳ
650 1156 712 1189 καὶ
729 1154 881 1198 Ζήνωνι
907 1158 1048 1197 μᾶλλον
1075 1157 1099 1198 ἢ
1125 1160 1203 1199 τοῖς
1230 1158 1368 1192 ἑαυτοῦ
1397 1159 1580 1201 δόγμασιν

166 1216 357 1252 ἀκόλουθα
375 1220 525 1262 γράφει.
551 1219 621 1262 τήν
648 1230 693 1254 τε
716 1220 787 1263 γὰρ
814 1221 938 1263 λύπην
965 1221 1181 1263 ὁριζόμενος
1209 1221 1362 1262 μείωσιν
1390 1222 1485 1257 εἷναί
1508 1234 1581 1266 φη-

111 1294 141 1319 15
165 1291 225 1317 σιν
257 1283 317 1318 ἐπὶ
346 1287 502 1328 φευκτῷ
535 1285 711 1319 δοκοῦντι
745 1286 936 1328 ὑπάρχειν,
976 1286 1046 1327 τήν
1082 1287 1113 1320 θ’
1149 1287 1293 1329 ἡδονὴν
1329 1287 1485 1330 ἔπαρσιν
1521 1288 1580 1329 ἐφ’

165 1347 304 1392 αἱρετῷ
332 1348 509 1382 δοκοῦντι
535 1348 728 1392 ὑπάρχειν.
780 1350 840 1383 καὶ
865 1349 936 1392 γὰρ
964 1350 999 1384 αἰ
1027 1351 1196 1392 μειώσεις
1230 1351 1290 1384 καὶ
1323 1351 1360 1384 αἱ
1395 1351 1580 1394 ἐπάρσεις,

165 1413 225 1447 καὶ
258 1412 302 1447 αἱ
334 1414 558 1448 συστολαὶ
589 1414 664 1448 καὶ
689 1413 731 1448 αἱ
759 1414 996 1457 διαχύσεις
1025 1433 1070 1438 -
1098 1416 1158 1448 καὶ
1184 1415 1255 1458 γὰρ
1283 1416 1433 1449 τούτων
1460 1415 1582 1450 ἐνίοτε

164 1477 347 1520 μέμνηται
373 1496 419 1502 -
443 1479 516 1520 τῆς
532 1477 673 1519 ἀλόγου
698 1478 895 1521 δυνάμεώς
919 1479 999 1513 ἐστι
1026 1479 1229 1522 παθήματα
1255 1483 1337 1520 ταῖς
1364 1480 1486 1521 δόξαις
1505 1481 1582 1514 ἑπι-

165 1543 366 1585 γινόμενα·
392 1543 574 1586 τοιαύτην
598 1543 643 1577 δέ
666 1554 750 1577 τινα
775 1544 846 1585 τὴν
873 1543 1006 1578 οὐσίαν
1032 1546 1109 1578 τὼν
1135 1547 1268 1579 παθῶν
1288 1544 1504 1588 Ἐπίκουρος
1523 1547 1583 1580 καί

106 1617 142 1642 20
165 1606 314 1650 Ζήνων,
342 1607 412 1642 οὐκ
439 1608 559 1650 αὐτὸς,
580 1608 847 1650 ὑπολαμβάνει.

68 1691 136 1724 411
285 1688 542 1723 Pm'mncavs
574 1691 658 1723 adu-
682 1690 837 1723 Coloten
865 1690 910 1723 27
937 1702 970 1734 p.
994 1691 1102 1724 11220
1144 1691 1253 1724 ἄνευ
1293 1691 1583 1726 διδασκάλου

163 1753 249 1798 γὰρ
283 1754 399 1788 αὐτὰ
435 1756 738 1798 προκαλεῖται
772 1754 828 1788 τὰ
860 1755 954 1789 καλὰ
981 1758 1101 1789 ταῦτα
1128 1756 1188 1789 καὶ
1214 1757 1315 1790 λεῖα
1342 1757 1417 1789 καὶ
1444 1764 1584 1799 προσ-

166 1822 250 1862 ηνῆ
283 1819 518 1862 κινήματα
550 1821 631 1862 τῆς
665 1820 851 1863 σαρκός,
891 1821 941 1861 ὡς
977 1819 1085 1854 αὐτοί
1118 1829 1235 1863 φασιν
1269 1820 1386 1862 οὗτοι,
1426 1821 1486 1854 καὶ
1517 1820 1585 1853 τὸν

166 1884 268 1919 πάνυ
295 1884 346 1926 μὴ
371 1884 573 1927 φάσκοντα
605 1885 700 1928 μηδὲ
735 1886 998 1926 ὁμολογοῦντα
1033 1885 1267 1927 κάμπτεσθαι
1302 1886 1361 1919 καὶ
1400 1885 1584 1926 μαλάσσε-

105 1959 141 1985 ⁴25
168 1951 255 1984 σθαι
282 1949 445 1991 τούτοις.

167 2014 212 2047 cs.
231 2014 327 2047 idem
345 2014 405 2046 An
424 2015 501 2047 seni
520 2015 569 2047 sit
583 2015 740 2056 gerenda
757 2005 931 2058 res-*pubL
959 2016 980 2048 5
1009 2026 1042 2058 p.
1061 2014 1145 2048 786ο
1172 2013 1229 2057 ἆρ’
1251 2015 1319 2049 οὐκ
1346 2015 1583 2056 ἐπινοοῦμεν,

167 2077 299 2121 ἡλίκας
329 2079 471 2122 ἡδονὰς
505 2078 544 2114 αἱ
575 2077 706 2123 ἀρεταὶ
739 2082 819 2120 τοῖς
851 2079 1058 2122 χρωμένοις
1086 2105 1121 2113 ..
1142 2106 1178 2112 ..
1208 2079 1583 2122 παρασκευάζουσιν;

287 2194 309 2227 2
335 2193 415 2238 τὸν]
433 2194 479 2227 ef.
498 2195 634 2227 Zeno-b.
652 2201 692 2226 tv
708 2194 754 2227 85
785 2194 800 2237 11
829 2195 850 2227 5
871 2192 1070 2237 εὐσταθείᾳ
1088 2194 1221 2226 Bakius
1241 2195 1285 2225 ad
1306 2194 1442 2226 Cleom.
1460 2206 1494 2237 p.
1514 2195 1584 2227 428

166 2253 260 2286 salso
281 2254 288 2296 Ι
310 2253 377 2288 ἐὰν
397 2252 508 2297 (μὲν)
529 2253 702 2286 Resskius
739 2251 744 2296 Ι
779 2253 800 2286 8
820 2252 972 2296 χάριτας
995 2253 1099 2284 libri:
1120 2263 1205 2285 corr.
1226 2253 1413 2285 Reiskius.
1434 2255 1583 2296 opponit

166 2313 262 2346 Plut.
288 2312 332 2354 ἃς
350 2313 383 2347 δ’
403 2313 504 2347 ἄξιον
531 2313 594 2346 καὶ
619 2311 763 2346 δίκαιον
789 2312 1028 2355 εὐφροσύνας
1055 2312 1114 2345 καὶ
1140 2311 1256 2354 χαρὰς
1281 2311 1507 2353 νομίζεσθαι,
1537 2313 1581 2345 cf.

165 2383 200 2415 p.
215 2372 297 2411 286,
321 2372 363 2404 10
383 2370 389 2416 Ι
412 2371 629 2414 σωματικὰς
653 2371 793 2414 ἡδονὰς
809 2371 894 2403 libri
920 2370 980 2405 ἐπὶ
999 2369 1074 2414 (aut
1093 2371 1146 2410 ἑν)
1173 2374 1403 2411 σωματικαῖς
1429 2370 1583 2413 ἡδοναῖς

166 2431 372 2472 Maduigius
392 2431 473 2463 adu.
491 2439 506 2464 1
524 2431 605 2466 673.
634 2432 678 2463 cf.
695 2430 791 2463 Plut.
810 2430 834 2462 1.
853 2441 879 2464 s.
903 2431 945 2463 14
963 2441 997 2473 p.
1022 2428 1130 2464 10961¹
1149 2429 1234 2472 (τὴν
1253 2429 1396 2472 ψυχὴν)
1417 2433 1495 2470 τοῖς
1513 2432 1583 2463 τοῦ

167 2489 345 2531 σώματος
376 2489 540 2524 πάθεσιν
572 2490 839 2530 ἐπιμειδιῶσαν
873 2489 933 2522 καὶ
970 2489 1233 2532 συνηδομένην
1266 2489 1326 2523 καὶ
1360 2488 1583 2532 συγχαίρου-

169 2556 241 2581 σαν
287 2546 294 2592 1
344 2548 385 2581 15
411 2547 482 2590 τὴν
510 2549 542 2583 δ’
570 2549 669 2581 libri:
698 2559 786 2583 corr.
814 2548 1014 2580 Muellerus
1062 2547 1077 2590 {l
1125 2549 1166 2580 21
1199 2549 1241 2581 cf.
1270 2548 1294 2581 1.
1322 2560 1349 2581 s,
1379 2546 1490 2581 1122ιι
1517 2549 1583 2580 Co-

167 2607 253 2639 lotis
279 2607 314 2639 ni
342 2608 450 2639 fauor
473 2608 534 2642 καὶ
560 2609 638 2650 μὴν
659 2608 754 2642 αὐτό
784 2618 826 2648 γε
853 2610 969 2642 τοῦτο
998 2606 1141 2651 [αὐτῶν
1160 2618 1204 2649 γε
1221 2608 1372 2641 τούτων
1390 2606 1503 2650 Ιίὶηη,
1532 2607 1584 2646 ὡς

164 2665 358 2710 ἀἴσθησιν
378 2667 476 2709 ἔχειν
495 2667 552 2702 δεῖ
569 2668 628 2701 καὶ
648 2667 827 2711 σάρκινον
853 2667 958 2709 εἶναι,
985 2668 1045 2700 καὶ
1072 2669 1247 2708 φανεῖται
1273 2666 1391 2708 ἡδονὴ
1411 2665 1582 2707 ἀγαθόν’,

165 2735 272 2768 snpra
292 2737 328 2768 p.
343 2726 425 2765 275,
442 2727 474 2760 6.
500 2727 582 2766 265⁴,
603 2727 689 2769 [sq.
736 2729 742 2768 ἶ
788 2726 833 2760 22
861 2724 971 2770 καλὰ]
998 2726 1144 2768 μαλακὰ
1172 2727 1266 2758 coni.
1281 2725 1582 2769 VVyttenbachius

164 2795 236 2818 non
262 2789 370 2820 recte.
394 2786 491 2820 καλὰ
515 2786 576 2819 Pl.
600 2786 686 2819 dicit
711 2796 802 2830 quae
828 2786 987 2829 Epicuro
1014 2785 1158 2829 τερπνὰ
1185 2790 1266 2817 sunt
