1842 3250
184 367 252 400 397

277 249 347 282 264
768 249 974 281 EPICVRI
1007 249 1196 281 ETHICA

400 361 541 396 CICERO
572 364 615 395 de
642 363 772 395 finibus
800 371 813 396 1
840 363 872 402 9,
900 363 944 395 ‘29
971 363 1147 396 ‘Primum
1174 364 1224 395 sic
1253 374 1364 404 agam,
1392 369 1430 396 ut
1455 364 1523 406 ipsi
1549 364 1685 396 auctori

280 427 384 459 huius
418 427 628 470 disciplinae
663 427 797 470 placet:
842 427 1066 465 constituam,
1100 428 1184 470 quid
1219 433 1253 459 et
1279 428 1384 469 quale
1412 428 1456 460 sit
1483 428 1519 459 id
1545 428 1588 459 de
1616 439 1687 470 quo

281 492 480 534 quaerimus
508 517 515 524 .
536 515 542 522 .
566 517 572 524 .
594 515 622 529 .‚
656 497 695 523 ut
721 491 857 523 ratione
886 496 919 523 et
946 491 1001 523 uia
1029 491 1199 533 procedat
1226 491 1350 525 oratio.
1395 492 1597 534 quaerimus
1624 491 1687 532 igi-

279 562 337 588 tur
363 556 448 598 quid
477 557 521 588 sit
549 560 740 588 extremum
768 561 801 587 et
829 555 988 587 ultimum
1018 556 1204 587 bonorum.
1257 556 1354 598 quod
1387 556 1542 588 omnium
1572 556 1688 598 philo·

280 621 473 664 sophorum
508 621 684 653 sententia
717 620 786 652 tale
821 620 929 652 debet
956 630 1045 657 esse,
1086 625 1123 651 ut
1151 620 1194 651 ad
1222 621 1259 652 id
1286 621 1405 653 omnia
1436 620 1558 652 referri
1586 630 1688 662 opor·
1714 625 1729 649 5

280 689 361 721 teat,
388 684 504 727 ipsum
531 689 646 716 autem
672 694 855 726 nusquam.
884 684 951 715 hoc
974 684 1149 726 Epicurus
1176 684 1210 716 in
1243 684 1428 726 uoluptate
1454 684 1566 727 ponit,
1590 685 1688 727 quod

280 759 451 780 summum
480 749 612 780 bonum
640 758 718 779 esse
746 748 833 785 uolt,
866 758 1109 790 summumque
1134 748 1264 780 malum
1292 747 1466 780 dolorem.
1505 748 1613 791 idque
1638 749 1689 780 in·

280 813 393 844 stituit
418 812 548 844 docere
576 812 638 845 sic.

328 878 442 909 Omne
470 876 599 908 animal
633 875 737 907 simul
764 880 870 917 atque
897 880 1013 906 natum
1042 875 1097 912 sit,
1137 875 1356 917 uoluptatem
1384 882 1551 919 appetere
1578 886 1689 919 eaque
1712 882 1776 915 (80)

280 942 434 983 gaudere
462 946 500 973 ut
527 950 662 972 summo
688 940 798 977 bono,
841 939 1002 971 dolorem
1030 940 1210 982 aspernari
1237 945 1274 971 ut
1301 950 1473 972 summum
1498 940 1629 972 malum
1657 946 1690 973 et
1716 950 1747 974 ιο

280 1012 447 1048 quantum
476 1006 592 1048 possit
619 1015 638 1036 a
664 1015 702 1037 se
730 1004 925 1047 repellere:
968 1005 1076 1047 idque
1109 1004 1224 1036 facere
1257 1005 1415 1036 nondum
1448 1005 1690 1047 deprauatum,

403 1131 418 1163 1
450 1136 487 1162 ut
512 1130 622 1162 exiles
649 1130 821 1161 librorum
840 1129 924 1172 περὶ
943 1129 1075 1170 τέλους
1098 1134 1132 1160 et
1150 1139 1187 1162 π.
1207 1130 1390 1173 αἱρέσεων
1415 1130 1585 1173 reliquias
1613 1141 1692 1173 sup-

279 1189 425 1232 plerem,
454 1188 662 1229 grauissima
689 1187 801 1230 capita
827 1188 998 1220 sermonis
1026 1199 1045 1219 a
1069 1188 1110 1220 L.
1130 1188 1267 1220 Manlio
1287 1189 1469 1231 Torquato
1496 1189 1607 1221 habiti
1637 1199 1692 1220 ex-

281 1249 458 1292 cerpenda
484 1258 564 1279 esse
587 1247 722 1290 putaui,
748 1247 879 1290 quibus
907 1247 1044 1278 ethicae
1072 1247 1267 1290 Epicureae
1294 1258 1464 1280 summam
1490 1259 1528 1280 se
1553 1258 1693 1280 accura-

280 1308 349 1340 tius
380 1307 489 1339 solito
516 1307 649 1339 referre
668 1306 793 1338 Cicero
820 1306 898 1348 ipse
924 1306 1059 1338 indicat
1085 1307 1108 1338 l.
1136 1317 1161 1339 s.
1191 1314 1202 1338 1
1232 1306 1264 1343 5,
1288 1307 1328 1340 13
1355 1306 1485 1348 ‘prima
1511 1306 1632 1338 ueniat
1656 1308 1692 1338 in

280 1367 434 1399 medium
458 1366 606 1408 Epicuri
636 1365 738 1403 ratio,
769 1375 859 1407 quae
886 1365 1068 1407 plerisque
1098 1365 1283 1397 notissima
1312 1370 1376 1398 est.
1410 1375 1514 1407 quam
1541 1376 1560 1396 a
1586 1366 1693 1397 nobis

282 1427 331 1458 sic
365 1426 555 1466 intelleges
589 1426 797 1468 expositam,
838 1430 875 1456 ut
908 1426 952 1456 ab
981 1426 1066 1467 ipsis
1095 1426 1154 1467 qui
1183 1436 1258 1458 eam
1289 1425 1513 1468 disciplinam
1541 1426 1693 1468 probant

282 1496 352 1517 non
380 1485 493 1517 soleat
519 1485 713 1516 accuratius
741 1483 929 1527 explicari*
957 1489 990 1515 et
1009 1484 1110 1526 quasi
1137 1489 1279 1516 excusat
1297 1485 1353 1516 his
1376 1485 1497 1517 uerbis
1524 1485 1692 1517 continuo

282 1544 480 1576 subiunctis
507 1544 645 1575 ‘uerum
664 1543 756 1574 euim
775 1543 935 1575 inuenire
954 1543 1131 1580 uolumus,
1159 1554 1231 1574 uon
1248 1550 1425 1586 tamquam
1452 1544 1694 1575 aduersarium

282 1603 435 1645 aliquem
455 1601 693 1634 conuincere‘.
723 1602 885 1633 nimirum
914 1602 1105 1644 epitomam
1133 1603 1337 1642 dogmatum
1365 1603 1407 1634 ab
1436 1603 1548 1634 amico
1572 1602 1693 1644 aliquo

282 1662 459 1704 Epicureo
496 1661 565 1692 sibi
599 1661 763 1703 scriptam
795 1661 1034 1703 inpetrauerat
1068 1659 1127 1701 (cs.
1156 1662 1234 1694 adn.
1262 1672 1293 1703 p.
1315 1661 1397 1699 270,
1416 1660 1459 1693 12
1488 1666 1521 1693 et
1546 1660 1693 1704 271,6J.

282 1720 439 1752 adnectit
466 1720 794 1752 commentariolum
815 1720 965 1751 fortasse
992 1720 1149 1751 eiusdem
1170 1721 1213 1751 de
1233 1720 1388 1751 amicitia
1406 1722 1432 1762 (Ι
1450 1720 1508 1757 20,
1525 1719 1694 1761 65-70),

283 1791 353 1823 quo
381 1790 471 1822 opus
499 1784 572 1811 erat
600 1785 744 1822 propter
771 1789 914 1819 grauem
943 1779 1116 1810 Antiochi
1144 1779 1421 1822 disputationem
1449 1786 1475 1811 n
1503 1779 1559 1817 24,
1587 1779 1633 1812 78
1650 1797 1690 1802 »-

284 1839 339 1878 27.
366 1839 412 1872 85
440 1849 651 1881 expressam.
705 1839 748 1869 de
775 1839 950 1881 Epicureo
984 1837 1050 1869 illo
1078 1838 1315 1870 coniecturam
1344 1838 1526 1870 Hirzelius
1553 1843 1693 1870 unters.

281 1910 322 1931 zu
344 1899 413 1932 Cic.
431 1900 569 1940 philos.
587 1898 707 1930 schrr.
728 1904 751 1929 11
771 1908 804 1939 p.
825 1897 894 1930 687
911 1907 986 1939 sqq.
1015 1897 1162 1938 protulit
1202 1899 1205 1937 Ι
1245 1898 1266 1930 5
1294 1896 1353 1938 ἐφ’
1383 1895 1402 1930 ὃ
1429 1896 1555 1929 πάντα
1581 1896 1627 1930 τὰ
1654 1896 1694 1930 ἐν

281 1961 336 2000 τῷ
365 1956 431 2001 βίῳ
458 1957 702 2000 πραττόμενα
728 1955 972 1998 καθηκόντως
997 1955 1067 1997 τήν
1095 1954 1293 1997 ἀναφορὰν
1320 1954 1508 1997 λαμβάνει,
1537 1954 1631 1988 αὐτὸ
1661 1955 1692 1987 δ’

283 2016 340 2050 ἐπ’
368 2015 491 2057 οὐδέν,
532 2020 568 2047 ut
599 2020 652 2047 est
679 2015 773 2057 apud
799 2015 927 2046 Arium
953 2014 1146 2056 Didymum
1176 2014 1322 2046 Stobaei
1351 2014 1416 2046 ecl.
1447 2013 1517 2046 eth.
1543 2024 1577 2056 p.
1597 2013 1653 2052 46,
1672 2014 1693 2046 8

283 2076 480 2112 Wachsm.‚
520 2074 654 2106 similes
692 2073 917 2105 definitiones
953 2073 1048 2105 idem
1082 2073 1142 2105 dat
1173 2084 1206 2116 p.
1226 2073 1284 2110 46,
1303 2074 1334 2105 5.
1355 2072 1375 2104 7
1403 2078 1437 2104 et
1469 2072 1547 2109 131,
1567 2070 1599 2105 3.
1650 2072 1695 2104 cs.

283 2135 434 2166 Aristot.
462 2138 545 2166 met.
572 2143 594 2166 α
621 2132 642 2165 2
670 2143 702 2175 p.
721 2132 809 2166 994b
826 2132 858 2170 9,
887 2133 976 2164 infra
993 2132 1075 2170 267,
1098 2133 1151 2165 10.
1179 2132 1281 2163 aliter
1298 2131 1467 2174 Epicurei
1493 2136 1583 2163 teste
1602 2130 1694 2163 Ario

282 2193 440 2237 Didymo
458 2192 607 2225 Stobaei
627 2193 690 2225 ecl.
711 2192 780 2224 eth.
800 2203 831 2234 p,
845 2192 901 2229 46,
917 2192 958 2224 18
978 2191 1051 2225 ὑπὸ
1071 2191 1109 2225 δὲ
1129 2193 1207 2224 τῶν
1225 2190 1426 2233 νεωτέρων
1444 2189 1696 2234 Περιπατητι-

284 2254 361 2286 κῶν
389 2255 468 2285 τών
495 2251 570 2285 ἀπὸ
589 2250 793 2294 Κριτολάου
822 2251 945 2291 (τέλος
971 2250 1134 2292 λέγεται)
1160 2250 1223 2283 ζτὸ
1251 2249 1291 2283 ἐκ
1318 2249 1473 2283 πάντων
1499 2251 1578 2282 τῶν
1605 2247 1694 2290 ἀγα-

284 2312 362 2344 θῶν
394 2309 792 2352 συμπεπληρωμένοκ”
819 2336 938 2343 .....
973 2312 1143 2352 κρεῖττον
1176 2308 1244 2342 οὖν
1280 2308 1326 2350 ῆν
1359 2296 1477 2342 εἰπεῖν
1511 2307 1593 2341 ἀντὶ
1625 2309 1695 2341 τοῦ

283 2368 661 2411 ’συμπληρούμενον’
694 2368 1013 2410 “ἑνεργούμενονζ
1047 2367 1109 2401 ἵνα
1144 2367 1189 2401 τὸ
1225 2366 1429 2409 χρηστικὸν
1459 2368 1528 2408 τῆς
1560 2365 1696 2408 ἀρετῆς

285 2428 522 2471 ἐμφαίνηται.
559 2431 677 2461 τοῦτο
705 2427 736 2461 δ’
764 2427 799 2461 οἱ
825 2427 906 2461 κατ’
933 2426 1151 2470 Ἐπίκουρον
1178 2428 1483 2468 φιλοσοφοῦντες
1509 2425 1553 2458 οὐ
1580 2433 1695 2468 προσ·

286 2488 460 2530 δέχονται
492 2488 613 2528 λέγειν
643 2486 951 2530 ’ἑνεργούμενον’
979 2485 1038 2519 διὰ
1064 2486 1109 2519 τὸ
1136 2485 1346 2527 παθητικὸν
1380 2481 1624 2518 ὑποτίθεσθαι
1651 2483 1694 2517 τὸ

287 2547 402 2588 τέλος,
431 2547 476 2581 οὐ
494 2547 717 2589 πρακτικόν·
750 2545 870 2588 ἡδονὴ
889 2545 970 2588 γάρ.
1003 2545 1090 2579 ὅθεν
1119 2545 1178 2578 καὶ
1204 2545 1274 2586 τὴν
1302 2545 1452 2578 ἔννοιαν
1471 2543 1696 2577 ἀποδιδόασι

284 2608 354 2640 τοῦ
380 2606 513 2647 τέλους
539 2605 599 2640 ’τὸ
627 2604 774 2646 οἰκείως
799 2605 1002 2639 διατιθέναι
1028 2605 1064 2639 ἐξ
1092 2604 1229 2638 ἑαυτοῦ
1256 2603 1349 2646 πρὸς
1376 2602 1469 2636 αὑτὸ
1494 2603 1606 2645 χωρὶς
1629 2603 1696 2642 τῆς

285 2665 342 2699 ἐπ’
372 2665 462 2699 ἄλλο
492 2675 527 2698 τι
554 2664 704 2707 ἁπάσης
730 2664 923 2706 ἐπιβολῆς’
976 2662 981 2707 1
1034 2664 1056 2696 9
1075 2674 1152 2706 sqq.
1181 2663 1252 2695 uid.
1280 2663 1321 2694 fr.
1340 2662 1385 2695 66
1411 2665 1445 2694 et
1470 2661 1550 2694 398.
1585 2660 1697 2702 praei-

286 2731 385 2757 uerat
404 2724 560 2766 Epicuro
579 2724 752 2756 Eudoxus
780 2724 822 2756 cs.
842 2723 993 2774 ᾼτὶείοῐ.
1021 2722 1092 2755 eth.
1112 2722 1191 2754 Nic.
1220 2720 1245 2755 Κ
1270 2721 1291 2753 2
1317 2731 1351 2763 p.
1374 2718 1482 2754 117211
1500 2719 1522 2751 9
1537 2729 1614 2761 sqq.
1652 2718 1696 2750 de

287 2783 488 2826 Cyrenaicis
515 2782 599 2814 uide
626 2783 742 2816 Laert.
769 2782 875 2822 Diog.
904 2789 929 2814 11
956 2781 1002 2815 88
