1842 3250
175 772 243 805 412

271 256 341 290 280
767 255 969 287 EPICVRI
997 257 1183 289 ETHICA

272 371 333 415 <αἵ
350 369 406 414 γ’)
433 370 477 403 οὐ
504 371 643 403 κνῶσιν
670 370 759 403 οὐδὲ
783 370 1014 412 θρύπτουσιν
1037 371 1160 413 ὥςπερ
1187 369 1225 404 αἱ
1251 369 1365 404 κατὰ
1391 369 1537 413 σάρκα
1561 371 1677 404 λεῖαι

271 436 344 468 καὶ
378 436 626 477 προσηνεῖς
653 433 843 474 γινόμεναι
871 434 1091 476 κινήσεις,
1135 434 1213 468 ἀλλ’
1243 434 1353 468 αὗται
1380 435 1446 475 μὲν
1473 433 1678 476 οἰστρῶδες

271 499 330 532 καὶ
357 498 532 540 ἀβέβαιον
562 498 622 531 καὶ
649 498 874 539 μεμιγμένον
901 501 1063 541 σφυγμῷ
1090 499 1134 532 τὸ
1161 498 1441 541 γαργαλίζον
1468 498 1630 540 ἔχουσιν.

271 563 365 595 idem
392 574 419 595 c.
447 562 544 605 Epic.
572 563 663 595 beat.
690 563 710 595 3
739 574 772 605 p.
791 562 898 595 10870
924 563 967 596 τὸ
994 563 1217 606 κινούμενον
1243 562 1351 604 λείως
1379 563 1439 596 καὶ
1465 565 1677 606 προσηνῶς.

271 626 414 661 CICERO
441 628 546 659 Tusc.
573 627 664 670 disp.
691 635 717 660 V
745 627 802 665 26,
831 627 875 661 73
903 627 951 668 (u.
979 628 1018 661 fr.
1039 627 1123 670 604)
1166 627 1299 670 ‘neque
1326 627 1516 670 quicquam
1543 628 1586 659 ad
1614 639 1679 659 nos
1700 634 1715 657 5

270 692 458 735 pertinere,
486 691 554 723 nisi
581 692 677 734 quod
703 697 761 724 aut
788 692 868 723 leue
895 696 954 723 aut
980 703 1141 734 asperum
1168 692 1204 724 in
1231 702 1379 735 corpore
1408 691 1604 725 sentiatur'.

391 772 644 805 PLVTARGHVS
670 773 715 804 de
741 772 879 804 occulte
906 773 1063 805 uiuendo
1089 773 1110 805 4
1137 785 1170 816 p.
1193 772 1302 805 11291·
1329 773 1374 806 ἂν
1402 800 1408 807 .
1429 800 1436 807 .
1465 773 1587 814 μέλλω
1615 800 1620 806 .
1643 799 1650 807 .
1672 800 1677 806 .

271 837 341 880 “x-sp
368 839 470 881 καλῷ
497 837 750 880 προσπτύειν’
784 837 845 870 καὶ
877 836 1080 878 τάγαθὸν
1113 838 1160 872 ἐν
1195 838 1326 880 σαρκὶ
1358 839 1432 872 καὶ
1463 839 1680 881 γαργαλι-

272 905 402 944 σμοῖς
427 901 606 944 τίΘεσθαι,
632 905 752 936 ταῦτα
779 902 895 936 δεῖται
923 902 1084 943 σκότους
1104 902 1153 936 τὰ
1177 903 1279 945 τέλη,
1307 905 1429 936 ταῦτα
1454 902 1601 944 νυκτός,
1620 902 1681 936 ἐπὶ

271 969 391 1001 ταῦτα
417 967 487 1009 τὴν
513 966 632 1010 λήθην
659 967 718 1001 καὶ
744 967 815 1009 τὴν
842 967 1008 1007 ἄγνοιαν,

271 1032 315 1064 cs.
343 1032 478 1064 Seneca
505 1032 606 1074 epist.
636 1031 694 1070 92,
712 1031 734 1064 6
760 1031 927 1064 ‘alterum
954 1030 1057 1070 illud,
1084 1031 1263 1074 uoluptas,
1291 1032 1425 1063 bonum
1450 1031 1591 1075 pecoris
1616 1037 1680 1065 est.

272 1096 443 1128 adicimus
469 1096 634 1128 rationali
658 1096 882 1133 inrationale,
908 1097 1062 1128 honesto
1088 1096 1327 1130 inhonestum.
1355 1102 1394 1128 at
1421 1096 1592 1129 beatum
1619 1097 1681 1128 fa-

272 1159 329 1192 cit
356 1160 566 1193 titillatio
596 1161 816 1203 corporis:
851 1160 937 1204 quid
966 1170 1049 1201 ergo
1080 1160 1221 1193 dubitas
1249 1161 1366 1192 dicere
1394 1161 1486 1192 bene
1515 1171 1593 1193 esse
1619 1160 1682 1192 ho-

271 1225 368 1264 mini,
397 1226 425 1257 si
452 1225 570 1269 palato
599 1225 691 1257 bene
719 1224 794 1256 est?
828 1230 861 1257 et
887 1225 981 1256 hunc
1007 1230 1043 1257 tu
1071 1235 1142 1256 non
1169 1225 1249 1256 dico
1277 1225 1368 1257 inter
1394 1225 1492 1258 uiros
1519 1235 1680 1257 numeras

272 1291 335 1323 sed
368 1291 461 1322 inter
493 1290 667 1328 homines,
708 1290 808 1322 cuius
846 1300 1017 1322 summum
1051 1290 1184 1321 bonum
1217 1290 1407 1332 saporibus
1438 1296 1471 1322 et
1499 1289 1681 1322 coloribus

273 1355 443 1397 sonisque
468 1359 606 1387 constat
616 1354 629 1386 ?
638 1354 646 1365 ²

391 1437 628 1469 ATHENAEVS
646 1444 701 1468 xn
721 1447 754 1479 p.
770 1437 857 1470 5460
875 1436 946 1478 τὴν
965 1436 1060 1470 κατὰ
1079 1434 1224 1478 κίνησιν
1238 1436 1381 1478 ἡδονὴν
1399 1435 1616 1478 ἠσπάζοντο

273 1501 332 1533 καὶ
352 1500 566 1543 Ἐπίκουρος
585 1501 645 1534 καὶ
666 1500 702 1534 οἱ
720 1500 796 1534 ἀπὸ
813 1502 964 1534 τούτου.
992 1502 1052 1534 καὶ
1071 1500 1133 1535 ἵνα
1160 1501 1208 1543 μὴ
1235 1501 1325 1542 τοὺς
1352 1501 1683 1542 καταιγισμοὺς

272 1566 369 1606 λέγω
397 1567 455 1599 καὶ
482 1565 528 1599 τὰ
556 1565 904 1608 ἐπεντρώματα,
933 1565 956 1599 ἅ
982 1575 1053 1608 περ
1079 1565 1257 1606 πολλάκις
1283 1565 1514 1608 προφέρεται
1542 1566 1562 1599 ὁ
1588 1564 1682 1600 Ἐπί-

273 1640 419 1671 κουρος,
447 1631 621 1671 καὶτοὺς
646 1630 994 1673 γαργαλισμοὺς
1021 1630 1080 1663 καὶ
1105 1629 1152 1664 τὰ
1179 1630 1386 1672 νύγματα
1411 1648 1480 1663 —.

274 1696 315 1728 cs.
343 1695 554 1726 Plutarchus
582 1700 705 1727 contra
730 1694 831 1737 Epic.
859 1695 951 1728 beat.
979 1695 999 1727 5
1025 1706 1059 1737 p.
1082 1693 1192 1729 1090¹²
1220 1694 1343 1735 οὕτως
1370 1695 1411 1728 ἑν
1438 1695 1584 1736 σώματι
1612 1705 1682 1737 ψυ-

272 1759 342 1801 χὴν
370 1759 618 1793 εὐσταθοῦντι
648 1759 708 1792 καὶ
741 1762 821 1799 ταῖς
854 1760 938 1802 περὶ
970 1759 1146 1800 σώματος
1179 1758 1300 1793 ἐλπίσι
1325 1757 1493 1799 τάγαθὸν
1520 1758 1682 1802 Θεμένην

273 1824 341 1858 οὐκ
369 1824 471 1858 ἔστιν
500 1824 647 1866 ἄφοβον
674 1824 734 1857 καὶ
761 1824 938 1864 ἄκυμον
966 1824 1213 1865 διεξαγαγεῖν·
1241 1823 1286 1858 οὐ
1305 1823 1376 1866 γὰρ
1402 1824 1539 1859 ἔξωθεν
1566 1823 1684 1865 μόνον

273 1888 396 1931 ὥςπερ
424 1889 448 1931 ἡ
468 1889 638 1922 θάλασσα
664 1890 890 1930 χειμῶνας
915 1887 1009 1930 ἰ’σχει
1038 1889 1099 1922 καὶ
1129 1888 1465 1929 καταιγισμοὺς
1491 1886 1536 1922 τὸ
1561 1890 1682 1930 σῶμα,

273 1952 449 1993 πλείονας
476 1953 516 1987 δὲ
542 1953 708 1996 ταραχὰς
735 1953 771 1987 ἐξ
798 1953 936 1987 ἑαυτοῦ
964 1954 1024 1986 καὶ
1051 1952 1223 1994 μείζονας
1249 1951 1486 1987 ἀναδίδωσιν.

274 2015 394 2050 ΡΗΙι,ο
422 2016 512 2057 legis
538 2016 685 2056 allegor.
706 2024 748 2049 111
768 2015 813 2048 48
831 2022 855 2049 t.
873 2024 886 2049 1
906 2026 938 2058 p.
959 2017 1024 2049 115
1044 2017 1093 2050 M.
1120 2016 1247 2057 ἱκανὸς
1272 2016 1344 2058 γὰρ
1374 2016 1410 2057 (ὁ
1436 2014 1682 2058 προκόπτων)

273 2081 342 2115 οὐκ
369 2081 448 2114 ἔστι
473 2082 599 2114 πᾶσαν
631 2080 774 2122 ἡδονὴν
806 2080 1024 2122 διώσασθαι,
1059 2078 1256 2122 ἀγαπητὸν
1284 2079 1325 2114 δὲ
1351 2079 1416 2114 ἐὰν
1446 2079 1493 2114 τὰ
1520 2078 1684 2121 ἐγκοίλια

273 2145 402 2188 αὐτῆς,
441 2145 614 2179 τουτέστι
645 2145 692 2179 τὰ
729 2145 1078 2188 ἑπεντρώματα,
1119 2144 1142 2178 ἅ
1171 2153 1288 2187 φασιν
1315 2144 1350 2179 οἱ
1376 2144 1574 2187 φιλήδονοι
1602 2129 1683 2179 Ιἑπι-

274 2210 396 2251 δόσεις
426 2209 520 2244 εἶναί
552 2220 656 2251 τινας
686 2212 764 2243 τῶν
797 2209 1098 2253 προηγουμένων
1129 2209 1293 2252 ἡδονῶν,
1334 2209 1356 2243 ἃ
1389 2208 1531 2250 γίνεται
1565 2208 1682 2252 ὀψαρ-

272 2276 398 2309 τυτῶν
424 2275 484 2308 καὶ
512 2274 727 2309 σιτοπόνων
753 2274 889 2316 λίχνων
915 2273 1118 2318 περιεργίᾳ.

399 2373 413 2405 1
443 2374 586 2406 κνῶσαι
605 2372 693 2406 οὐδὲ
713 2373 946 2415 θρύπτουσαι
965 2373 1049 2405 libri
1071 2371 1076 2417 Ι
1099 2372 1210 2417 κατὰ]
1230 2372 1281 2414 εἰς
1300 2373 1382 2405 libri
1412 2372 1426 2416 Η
1457 2373 1479 2405 8
1504 2375 1560 2416 τῷ
1579 2372 1682 2415 καλῷ

273 2442 334 2475 πρ.
364 2432 404 2464 fr.
423 2432 494 2466 512
523 2432 528 2473 Ι
556 2433 823 2474 γαργαλισμοῖς
850 2433 893 2465 es.
921 2432 1046 2464 Cicero
1075 2433 1118 2464 de
1145 2437 1214 2465 nat.
1242 2433 1337 2465 deor.
1366 2440 1379 2464 I
1405 2432 1462 2470 40,
1483 2433 1549 2465 113
1577 2431 1684 2474 (infra

273 2502 306 2533 p.
324 2490 489 2532 288‚33)‚
510 2490 641 2522 Bakius
656 2491 699 2522 ad
716 2490 944 2522 cleomedem
964 2501 996 2532 p.
1010 2490 1090 2523 431.
1119 2491 1298 2533 uoluptati
1317 2489 1540 2521 definiendae
1558 2499 1683 2520 uocem

276 2549 438 2581 adhibuit
467 2550 535 2581 iam
554 2550 657 2581 Plato
678 2549 820 2581 Philebi
846 2560 879 2591 p.
895 2548 960 2582 46⁶
987 2550 1030 2581 cf.
1051 2550 1113 2581 47²
1147 2552 1152 2590 Ι
1191 2549 1232 2581 12
1260 2554 1293 2580 at
1321 2547 1476 2592 beatum]
1496 2550 1684 2589 magneni-

276 2614 347 2640 tam
364 2608 400 2641 A
418 2619 552 2649 magno
571 2611 683 2640 uitam
701 2609 728 2639 B
747 2610 798 2640 ad
812 2610 908 2640 hanc
927 2612 1039 2640 uitam
1058 2609 1297 2641 Buechelerus
1327 2606 1333 2652 Ι
1365 2608 1404 2641 15
1419 2618 1469 2649 sq.
1486 2607 1527 2639 ef.
1545 2607 1586 2639 fr.
1601 2607 1646 2641 67
1673 2607 1684 2648 ἔξ

277 2667 320 2700 19
349 2667 619 2710 ἑπεντρώματα
639 2668 681 2699 cf.
700 2668 907 2699 Eustathius
926 2669 960 2699 in
982 2669 1049 2700 Od.
1069 2678 1098 2710 φ
1118 2668 1184 2701 291
1206 2679 1239 2711 p.
1258 2668 1360 2705 1910,
1376 2667 1435 2700 39:
1458 2666 1682 2710 ἐπικεντρώ-

276 2736 373 2768 ματα
383 2726 475 2759 coni.
488 2726 691 2758 Meinekius
707 2727 796 2758 anal.
809 2737 854 2759 cr.
865 2728 909 2759 ad
920 2727 1051 2760 Athen.
1063 2738 1096 2769 p.
1107 2727 1176 2760 250
1187 2737 1239 2769 sq.
1262 2727 1268 2768 ι
1290 2726 1336 2759 20
1349 2725 1628 2769 γαργαλισμοὺς
1638 2726 1683 2759 cs.

275 2787 315 2818 fr.
327 2786 408 2818 412.
429 2786 586 2828 seqnitur
602 2786 697 2819 sr.67
721 2785 727 2828 l
750 2787 791 2818 21
806 2797 857 2829 sq.
874 2791 1008 2829 spectat
1024 2787 1067 2818 ad
1081 2786 1121 2819 fr.
1133 2785 1178 2819 68
1200 2786 1206 2829 Ι
1229 2785 1274 2819 28
1291 2785 1476 2826 ἐπιδόσεις
1492 2785 1546 2816 ed.
1560 2785 1682 2818 Richt.

1707 974 1738 998 10

1707 1296 1739 1321 15

1706 1967 1740 1994 25
