1846 3288
94 1010 126 1033 10

93 1333 124 1358 15

88 1658 121 1683 20

74 1861 116 1894 31

505 238 712 271 EP1CVR1
743 238 869 273 ΠΡΟΣ
898 238 1203 274 ΘΕΟΦΡΑΣΤΟΝ
1493 240 1561 274 103

151 353 211 386 καί
236 352 281 386 τὸ
308 355 490 386 κυανοῦν·
520 351 553 386 εἰ
582 352 623 387 δὲ
649 354 780 395 ταῦτα,
808 353 869 387 καὶ
894 353 938 387 τὸ
965 354 1082 394 γλυκὺ
1110 354 1169 387 καὶ
1195 353 1239 387 τὸ
1266 353 1417 397 πικρόν·
1462 354 1561 389 ὥστε

151 417 246 451 κατὰ
273 416 397 460 πάσης
419 417 626 459 ποιότητος
647 417 798 460 ἀληθῶς
822 418 868 452 τὸ
895 419 943 460 μὴ
971 420 1111 460 μᾶλλον
1136 420 1230 452 εἶναι
1248 418 1271 460 ἢ
1290 418 1339 459 μὴ
1363 419 1456 453 εἶναι
1475 429 1561 452 κατ-

150 484 385 525 ηγορεῖσθαι·
429 484 509 522 τοῖς
533 481 605 525 γὰρ
631 482 735 515 οὕτω
760 482 972 525 πάσχουσιν
1005 483 1111 517 ἔσται
1136 485 1324 525 τοιοῦτον,
1359 482 1429 516 οὐκ
1457 483 1562 518 ἔσται

150 546 192 579 δὲ
217 548 295 587 τοῖς
321 545 372 589 μὴ
399 545 629 592 πάσχουσιν,

633 643 786 676 XXVII
827 642 931 678 ΠΕΡΙ
959 643 1079 679 ΘΕΩΝ

571 724 687 758 Laert.
713 733 741 758 x
770 725 814 759 27
842 735 948 769 supra
973 736 1007 769 p.
1027 725 1084 764 86,
1103 725 1124 758 2

268 803 522 838 anmncuvs
547 812 671 838 contra
693 805 840 848 Epicuri
867 804 1125 838 beatitudinem
1151 806 1192 838 21
1220 817 1254 848 p.
1274 805 1383 839 1102⁶
1409 805 1562 850 ὑποκρί-

147 879 251 904 νεται
277 868 349 912 γὰρ
376 868 488 911 εὐχὰς
513 870 574 903 καὶ
599 869 875 913 προσκυνήσεις
908 871 1019 905 οὐθὲν
1046 870 1224 911 δεόμενος
1249 870 1310 904 διὰ
1335 870 1458 912 φόβον
1484 872 1562 904 τῶν

147 935 299 968 πολλῶν
331 935 391 968 καὶ
427 934 633 977 φθέγγεται
664 935 797 977 φωνὰς
823 934 995 976 ἐναντίας
1021 933 1075 975 οἷς
1101 936 1322 977 φιλοσοφεῖ·
1375 935 1434 969 καὶ
1458 935 1562 969 θύων

148 1000 216 1041 μὲν
244 1000 294 1040 ὡς
321 998 486 1044 μαγείρῳ
517 1000 731 1043 παρέστηκε
762 1003 818 1043 τῷ
850 999 939 1043 ἱερεῖ
965 999 1186 1042 σφάττοντι,
1225 1000 1342 1041 θύσας
1369 999 1409 1034 δὲ
1437 1001 1562 1034 ἄπεισι

147 1063 269 1105 λέγων
303 1063 348 1097 τὸ
375 1062 633 1107 Μενάνδρειον
669 1064 801 1098 “έθυον
832 1066 877 1099 οὐ
909 1065 1162 1108 προσέχουσιν
1197 1064 1310 1099 οὐδέν
1338 1075 1399 1106 μοι
1425 1065 1560 1107 θεοῖς’·

147 1128 251 1161 οὕτω
284 1127 356 1171 γὰρ
390 1127 607 1171 Ἐπίκουρος
642 1128 760 1163 οἴεται
795 1129 870 1162 δεῖν
905 1127 1195 1171 σχηματίζεσθαι
1229 1128 1289 1162 καὶ
1323 1129 1371 1170 μὴ
1404 1131 1561 1171 φθονεῖν

147 1192 232 1235 μηδ’
261 1192 538 1236 ἀπεχθάνεσθαι
563 1195 643 1234 τοῖς
668 1194 830 1234 πολλοῖς,
858 1192 914 1233 οἷς
939 1192 1133 1236 χαίρουσιν
1160 1193 1284 1236 ἕτεροι
1310 1193 1559 1237 πράττοντας,

148 1258 288 1300 αὐτοὺς
314 1257 639 1302 δυσχεραίνοντας.
670 1285 775 1292 .....
802 1259 823 1302 ῇ
844 1259 1012 1299 καὶτοὺς
1039 1256 1315 1299 δεισιδαίμονας
1342 1259 1386 1291 οὐ
1413 1256 1561 1301 χαίρον-

147 1334 215 1365 τας
239 1323 332 1358 ἀλλὰ
358 1322 622 1366 φοβουμένους
647 1323 790 1357 οἴονται
813 1322 957 1363 θυσίαις
986 1323 1045 1356 καὶ
1071 1324 1238 1363 τελεταῖς
1263 1323 1414 1365 ὁμιλεῖν,
1442 1323 1560 1365 μηθὲν

147 1387 302 1423 ἐκείνων
329 1388 437 1422 αὐτοὶ
466 1388 722 1431 διαφέροντες,
751 1387 783 1422 εἴ
807 1398 850 1428 γε
877 1388 937 1421 διὰ
964 1388 1085 1430 φόβον
1110 1388 1158 1421 τὰ
1177 1387 1274 1421 αὐτὰ
1301 1387 1451 1430 δρῶσιν,
1480 1386 1559 1421 οὐδ’

147 1452 297 1493 ἐλπίδος
321 1453 488 1494 χρηστῆς
513 1451 605 1485 ὅσον
632 1451 767 1485 ἐκεῖνοι
792 1451 1150 1493 μεταλαγχάνοντες,
1179 1451 1271 1486 ἀλλὰ
1298 1451 1414 1493 μόνον
1443 1451 1559 1485 δεδιό-

145 1527 208 1558 τες
234 1517 294 1551 mi
321 1515 596 1560 ταραττόμενοι
623 1517 672 1558 μὴ
698 1517 859 1559 φανεροὶ
892 1516 1078 1557 γένωνται
1105 1519 1184 1556 τοῖς
1209 1518 1362 1557 πολλοῖς
1396 1517 1560 1559 παραλο-

147 1582 335 1624 γιζόμενοι
358 1582 418 1615 καὶ
436 1580 720 1623 φενακίζοντες·
748 1581 807 1623 ἐφ’
829 1581 894 1621 οὓς
913 1582 971 1614 καὶ
999 1582 1051 1614 τὰ
1077 1582 1182 1623 περὶ
1209 1583 1326 1614 θεῶν
1351 1581 1411 1614 καὶ
1438 1580 1560 1614 ὁσιό-

145 1657 285 1689 τητος
318 1646 447 1686 αὐτοῖς
480 1644 627 1688 βιβλία
660 1645 909 1680 συντέτακται
940 1645 1082 1679 ’ἑλικτὰ
1117 1646 1176 1679 καὶ
1203 1646 1315 1679 οὐδὲν
1341 1645 1443 1686 ὑγιὲς
1469 1644 1562 1679 ἀλλὰ

145 1713 221 1745 πᾶν
260 1710 383 1754 πέριξ’
421 1710 745 1753 ἐπαμπεχομένοις
779 1710 840 1744 καὶ
874 1709 1228 1753 ἀποκρυπτομένοις
1264 1710 1323 1744 διὰ
1358 1710 1481 1752 φόβον
1518 1709 1560 1751 ἃς

146 1776 273 1818 ἔχουσι
301 1776 418 1816 δόξας.

266 1856 519 1891 Pumonmws
546 1858 590 1889 de
622 1858 770 1889 deorum
799 1858 895 1889 uictu
926 1857 1010 1889 VH¹
1038 1864 1077 1889 νι
1106 1857 1147 1889 fr.
1167 1857 1187 1889 5
1239 1856 1493 1891 διαστέλλεται
1521 1856 1561 1890 δὲ

146 1922 206 1956 καί
233 1920 348 1967 [πε]ρί
373 1921 524 1955 τούτων
542 1922 563 1956 ό
582 1920 800 1964 Ἐπίκουρος
827 1921 867 1955 ἑν
892 1923 962 1955 τῶι
988 1921 1082 1965 Περὶ
1109 1923 1217 1955 θεῶν.
1253 1922 1310 1955 διό
1337 1931 1408 1964 περ
1434 1921 1494 1955 καί
1521 1921 1561 1955 ἐν

88 1996 103 2020 2
146 1983 202 2026 οἷς
226 1984 272 2018 τὸ
299 1984 477 2028 σάρκινον
503 1986 650 2028 φθορᾶς
675 1984 770 2019 εἶναι
800 1983 970 2018 δεκτικὸν
997 1985 1108 2027 λέγει,
1136 1984 1181 2018 τὸ
1208 1984 1494 2028 λαμβανόμενον
1519 2000 1557 2015 »-

265 2118 288 2151 4
313 2119 382 2150 huc
410 2129 522 2162 usque
550 2118 660 2150 uerba
677 2118 824 2161 Epicuri
841 2118 1073 2160 continuabat
1091 2117 1403 2160 Wyttenbachius,
1431 2119 1561 2151 rectius

146 2178 351 2219 Maduigius
373 2178 454 2210 adu.
473 2185 486 2210 Ι
504 2188 538 2220 p.
554 2177 624 2211 675
658 2176 674 2221 ΙΙ
708 2177 729 2210 7
746 2188 823 2220 sqq.
843 2178 967 2209 eadem
988 2182 1148 2209 occentat
1167 2176 1323 2220 Epicuro
1342 2177 1561 2209 Posidonius

147 2239 329 2272 Ciceronis
356 2238 401 2270 de
426 2242 496 2270 nat.
524 2238 622 2269 deor.
652 2244 665 2269 1
692 2238 748 2275 44,
771 2236 837 2270 123
864 2237 906 2269 cf.
929 2237 985 2274 30,
1004 2236 1063 2269 85.
1083 2244 1128 2269 lu
1150 2237 1180 2274 1,
1200 2237 1220 2269 3
1246 2236 1391 2268 Atticus
1409 2237 1560 2268 Eusebii

145 2308 264 2341 praep.
285 2308 340 2329 eu.
368 2303 421 2328 xv
442 2297 475 2334 5,
494 2296 536 2329 12
555 2307 588 2338 p.
603 2295 690 2328 800ρ
718 2295 914 2338 Dionysius
943 2296 1051 2338 episc.
1078 2295 1166 2328 ibid.
1187 2301 1256 2327 XIV
1274 2295 1332 2333 27,
1351 2295 1387 2328 ll
1410 2306 1445 2338 p.
1461 2295 1560 2328 7830.

146 2356 321 2399 purgabat
339 2360 517 2388 auctorem
537 2360 653 2387 sectae
672 2354 906 2386 Philodemus
925 2354 1020 2386 libro
1048 2354 1132 2397 περὶ
1159 2352 1350 2396 εὐσεβείας
1389 2354 1394 2395 Ι
1436 2354 1478 2386 13
1505 2352 1562 2395 οἷς

147 2426 189 2447 ex
206 2414 308 2447 Harl.
327 2414 486 2457 reposuit
500 2414 688 2456 Wyttenb.
712 2415 717 2455 Ι
740 2413 975 2456 πράττοντες
994 2413 1101 2446 αὐτοὶ
1122 2411 1433 2455 δυσχεραίνοντες
1451 2413 1534 2444 libri
1556 2412 1561 2456 1

150 2474 191 2507 16
217 2472 292 2508 εἴτε
318 2473 418 2505 libri:
448 2483 536 2506 corr.
555 2473 729 2505 Reiskius
776 2474 781 2515 1
832 2472 875 2506 18
900 2473 991 2513 τοὺς
1016 2471 1179 2512 πολλοὺς
1205 2472 1307 2504 libri:
1336 2483 1423 2504 corr.
1445 2472 1558 2504 Cobe-

145 2537 201 2564 tus
228 2533 480 2575 Mnemosynes
507 2542 540 2564 n.
569 2542 595 2564 5.
625 2539 648 2565 t.
666 2539 707 2564 VI
733 2543 767 2574 p.
784 2531 829 2564 46
888 2532 894 2573 Ι
959 2532 1000 2564 19
1029 2532 1088 2564 καὶ
1115 2530 1311 2573 θειότητος
1335 2531 1438 2563 libri:
1472 2541 1559 2563 corr.

146 2591 304 2623 Cobetus
329 2590 353 2624 1.
373 2601 399 2624 5.
445 2591 450 2633 Ι
499 2591 545 2624 20
571 2590 697 2624 ἑλικτὰ
723 2590 798 2624 κτὲ.
828 2590 948 2632 Eurip.
970 2590 1082 2623 Andr.
1102 2590 1172 2622 448
1213 2589 1229 2632 Η
1271 2589 1316 2622 23
1342 2589 1561 2633 praecedunt

146 2649 293 2693 ὀρ[γῆς]
328 2650 498 2684 δεκτικὸν
531 2650 575 2683 τὸ
608 2649 838 2693 [ἄφθαρτον]
869 2648 1086 2692 οὐδαμῶ[ς].
1132 2649 1278 2692 Epicuri
1305 2649 1437 2681 mentio
1462 2659 1561 2691 prae-

146 2714 199 2741 ter
223 2709 316 2741 hunc
347 2709 467 2741 locum
500 2709 536 2741 in
569 2709 634 2740 illo
661 2709 756 2741 libro
783 2719 854 2741 non
882 2708 931 2746 fit,
959 2719 987 2740 c.
1007 2716 1047 2741 VI
1075 2713 1220 2751 apparet
1243 2708 1280 2740 in
1306 2706 1427 2741 infimo
1455 2717 1558 2740 uersu

147 2765 442 2812 καθηίτ1εμίό1ω
