1842 3250
53 462 149 496 367*

68 854 129 887 (19)

101 984 132 1008 10

101 1307 130 1332 15

67 1369 128 1402 (20)

97 1629 130 1655 20

64 1949 126 1982 (2¹)

95 2018 128 2044 26

95 2275 141 2302 80·

644 234 849 266 EPICVRI
875 234 972 265 PHY
981 233 1092 265 SICA
1504 233 1572 266 245

208 384 275 416 DE
301 382 483 414 RERVM
510 382 652 414 CVRA
678 382 740 414 ET
766 382 1021 414 REGIMINE

282 462 426 497 CICERO
453 463 498 495 de
524 469 593 495 nat.
621 464 717 496 deor.
745 470 757 495 1
784 462 818 502 8,
849 463 891 496 18
929 461 1036 494 ‘Tum
1063 463 1227 494 Velleius
1255 487 1262 495 .
1284 486 1290 494 .
1313 489 1320 495 .
1346 464 1496 501 Audite,
1522 464 1572 495 in-

159 528 246 572 quit,
285 520 358 560 non
384 527 512 560 futtilis
539 528 876 571 commenticiasque
910 528 1118 560 sententias:
1163 538 1232 559 non
1260 527 1424 570 opificem
1454 528 1572 559 aedifi—

160 597 388 634 catoremque
413 592 549 630 mundi,
575 592 738 624 Platonis
765 592 810 624 de
834 592 980 624 Timaeo
1006 593 1129 624 deum:
1157 602 1221 623 nec
1249 603 1352 624 anum
1381 592 1571 630 fatidicam,

158 656 360 689 Stoicorum
385 655 579 699 πρόνοιαν,
608 666 711 698 quam
740 655 850 688 latine
879 656 965 688 licet
990 656 1253 703 prouidentiam
1283 656 1417 688 dicere:
1457 667 1571 699 neque

158 732 243 754 uero
270 721 439 753 mundum
463 721 580 764 ipsum
607 721 723 753 animo
751 725 785 753 et
811 721 975 754 sensibus
1003 721 1212 764 praeditum,
1239 722 1427 753 rotundum
1450 721 1572 753 ardeu-

157 789 228 818 tem
253 785 454 818 uolubilem
481 786 602 817 deum:
634 790 800 828 portenta
826 790 860 817 et
885 786 1053 818 miracula
1080 796 1151 817 non
1180 785 1428 818 disserentium
1455 785 1572 828 philo-

158 849 352 893 sophorum
370 850 434 882 sed
453 850 713 882 somniantium.
764 850 894 893 quibus
923 851 1014 883 enim
1040 850 1154 882 oculis
1175 850 1303 882 intueri
1322 851 1437 892 potuit
1455 854 1573 881 uester

157 913 262 946 Plato
290 914 460 946 fabricam
487 915 584 946 illam
613 915 699 947 tanti
726 915 858 957 operis,
897 925 965 958 qua
993 915 1151 947 construi
1179 926 1197 946 a
1224 916 1292 947 deo
1321 920 1425 957 atque
1453 914 1572 946 aedifi-

158 980 230 1011 cari
255 979 425 1012 mundum
451 980 558 1012 facit?
585 989 676 1022 quae
695 979 846 1019 molitio,
873 990 965 1023 quae
985 981 1205 1018 Ferramenta,
1233 979 1293 1023 qui
1320 984 1453 1016 nectes,
1480 989 1571 1022 quae

156 1043 350 1082 machinae,
378 1043 439 1086 qui
457 1044 610 1076 ministri
629 1044 717 1076 tanti
739 1045 894 1076 muneris
913 1043 1077 1076 fuerunt?
1105 1054 1210 1087 quem
1230 1044 1274 1075 ad
1292 1044 1437 1076 modum
1455 1047 1571 1075 autem

156 1096 338 1140 oboedire'
361 1112 395 1140 et
421 1118 545 1151 parere
578 1107 755 1140 uoluntati
786 1108 971 1141 architecti
1004 1119 1063 1141 aer
1088 1109 1180 1149 ignis
1215 1119 1305 1151 aqua
1330 1115 1420 1141 terra
1448 1113 1570 1151 potue-

155 1172 259 1204 runt?
301 1172 396 1205 unde
423 1183 507 1205 uero
537 1177 634 1204 ortae
658 1172 744 1205 illae
770 1173 928 1216 quinque
956 1173 1098 1211 formae,
1136 1183 1154 1204 e
1182 1173 1313 1216 quibus
1340 1172 1477 1215 reliqua
1503 1172 1571 1204 sor-

156 1242 306 1276 mantur,
333 1240 412 1280 apte
439 1237 606 1269 cadentes
634 1238 677 1269 ad
705 1238 858 1269 animum
886 1238 1112 1269 afficiendum
1134 1238 1397 1280 pariendosque
1424 1237 1571 1270 sensus?

157 1300 303 1342 longum
322 1306 377 1334 est
395 1301 439 1334 ad
459 1302 588 1339 omnia,
617 1312 707 1344 quae
733 1302 820 1334 talia
847 1311 927 1335 sunt
953 1307 991 1335 ut
1017 1307 1136 1345 optata
1162 1303 1273 1343 magis
1297 1313 1400 1345 quam
1427 1302 1571 1335 inuenta

157 1366 360 1398 uideantur:
405 1367 470 1399 sed
495 1366 561 1398 illa
585 1367 766 1410 palmaria,
804 1369 901 1410 quod
929 1368 989 1410 qui
1016 1378 1087 1400 11011
1114 1368 1221 1400 modo
1256 1372 1374 1400 natum
1401 1368 1568 1401 mundum

155 1430 392 1463 introduxerit
416 1431 482 1463 sed
508 1431 614 1463 etiam
640 1442 743 1464 manu
770 1442 882 1475 paene
910 1433 1051 1470 factum,
1079 1433 1109 1464 is
1129 1443 1205 1464 eum
1228 1432 1357 1464 dixerit
1379 1433 1454 1464 fore
1481 1444 1570 1465 sem-

155 1493 342 1536 piternum.
368 1494 462 1527 hunc
482 1505 607 1527 censes
625 1495 745 1538 primis
774 1501 811 1527 ut
836 1496 964 1528 dicitur
982 1496 1092 1528 labris
1112 1502 1273 1536 gustasse
1292 1497 1568 1540 physiologiam,

156 1558 217 1600 qui
243 1558 430 1601 quicquam
457 1561 554 1602 quod
583 1565 698 1593 ortum
726 1561 771 1593 sit
797 1565 898 1604 putet
925 1566 1104 1594 aeternum
1131 1572 1210 1594 esse
1237 1562 1366 1605 posse?
1399 1573 1489 1605 quae
1516 1569 1570 1595 cst

158 1622 250 1654 enirn
277 1625 539 1664 coagmentatio
565 1635 635 1657 non
662 1625 911 1658 dissolubilis?
940 1631 999 1658 aut
1024 1626 1111 1670 quid
1138 1632 1203 1665 est,
1230 1627 1329 1659 cuius
1356 1628 1568 1671 principium

155 1687 304 1731 aliquod
330 1688 386 1728 sit,
413 1688 504 1720 nihil
531 1689 577 1721 sit
600 1690 814 1722 extremum?
864 1691 1030 1723 Pronoea
1047 1701 1133 1723 uero
1153 1696 1280 1730 uestra,
1298 1692 1426 1730 Lucili,
1446 1695 1568 1725 eadem

153 1755 189 1786 si
212 1758 276 1791 est,
303 1753 426 1786 eadem
452 1755 594 1797 requiro
621 1766 711 1798 quae
738 1756 848 1799 paulo
876 1761 968 1795 ante,
994 1756 1176 1790 ministros
1203 1756 1396 1796 machinas,
1429 1769 1568 1790 omnem

154 1818 263 1850 totius
291 1818 411 1861 operis
439 1819 733 1860 dissignationem
761 1825 866 1863 atque
892 1825 1112 1863 apparatum:
1146 1820 1201 1852 sin
1221 1820 1290 1852 alia
1309 1825 1373 1859 est,
1402 1831 1462 1853 cur
1479 1833 1569 1854 mor-

155 1880 260 1912 talem
288 1881 413 1913 iecerit
438 1883 619 1921 mundum,
646 1893 730 1926 non,
756 1893 861 1926 quem
887 1883 928 1914 ad
957 1884 1100 1915 modum
1119 1884 1327 1917 Platonicus
1353 1885 1453 1924 deus,
1481 1897 1569 1918 sem-

153 1945 339 1988 piternum.
385 1946 430 1978 ab
463 1951 614 1990 utroque
649 1952 765 1980 autem
795 1948 968 1986 sciscitor,
1009 1959 1070 1980 cur
1094 1949 1217 1980 mundi
1244 1949 1490 1982 aedificatores
1517 1962 1569 1983 re·
1602 1958 1648 1981 nt

153 2014 260 2053 pente
295 2000 505 2049 exstiterint,
544 2011 835 2045 innumerabilia*
855 2012 972 2045 saecla
1011 2013 1230 2046 dormierint.
1282 2025 1354 2046 non
1391 2015 1495 2053 enim,
1539 2016 1568 2047 si

153 2074 305 2106 mundus
339 2075 460 2108 nullus
496 2081 581 2109 erat.
621 2077 740 2108 saecla
771 2087 842 2108 non
876 2082 984 2110 erant.
1038 2077 1156 2110 saecla
1189 2088 1281 2110 nunc
1315 2079 1395 2111 dico
1429 2090 1500 2111 non
1527 2090 1567 2111 ea

153 2150 244 2182 quae
271 2139 408 2172 dierum
433 2142 663 2185 noctiumque
690 2152 835 2174 numero
864 2143 989 2174 annuis
1019 2143 1183 2175 cursibus
1209 2143 1453 2183 conficiuntur,
1486 2155 1567 2176 nam

154 2204 268 2236 fateor
294 2215 336 2237 ea
360 2205 437 2237 sine
464 2206 588 2238 mundi
614 2207 851 2239 conuersione
879 2207 971 2239 effici
999 2219 1069 2240 non
1087 2209 1267 2251 potuisse:
1297 2209 1360 2241 sed
1379 2209 1445 2241 suit
1463 2219 1567 2253 quae·

154 2269 235 2302 dam
263 2270 306 2302 ab
332 2271 472 2304 infinito
498 2276 658 2315 tempore
686 2272 887 2312 aeternitas,
920 2284 1024 2316 quam
1050 2273 1149 2306 nulla
1175 2273 1454 2318 circumscriptio
1484 2279 1568 2306 tem-

273 2417 295 2451 3
309 2428 385 2462 sqq.
407 2419 450 2453 cf.
470 2420 655 2453 Lucretius
675 2428 703 2453 11
724 2420 923 2454 167-181.
946 2421 1183 2455 1090—1104
1221 2420 1226 2464 Ι
1263 2422 1286 2455 8
1313 2425 1427 2455 oculis
1452 2426 1571 2457 animi

154 2478 296 2509 intueri
318 2477 418 2510 libri:
445 2489 532 2511 corr.
560 2481 700 2512 Marsus
755 2478 759 2524 Ι
816 2480 857 2513 13
877 2492 929 2524 sq.
956 2481 999 2514 cf.
1026 2481 1126 2524 Epic.
1156 2491 1191 2515 π.
1220 2482 1309 2525 φύσ.
1336 2483 1359 2515 1.
1380 2490 1453 2516 XIV
1478 2484 1568 2516 VH²

155 2543 199 2568 VI
219 2536 360 2571 14——19
387 2538 481 2581 apud
509 2539 758 2582 Gomperzium
777 2541 944 2572 zeitschr.
966 2539 1056 2573 1867
1076 2552 1108 2583 p.
1129 2541 1195 2574 211
1215 2552 1279 2584 sq„
1306 2553 1409 2585 supra
1436 2543 1477 2575 sr.
1498 2543 1568 2576 358

154 2605 189 2637 p.
204 2594 325 2634 240‚6
373 2594 379 2638 Ι
429 2596 470 2630 16
491 2600 677 2640 palmaris
703 2598 805 2630 libri:
834 2609 922 2632 corr.
948 2600 1116 2631 Dauisius
1166 2598 1171 2643 Ι
1227 2602 1269 2634 18
1289 2602 1567 2644 physiologiam

155 2654 196 2685 id
227 2659 284 2686 est
315 2659 476 2688 naturae
507 2658 686 2689 rationem
718 2659 785 2699 qui
816 2657 918 2690 libri:
965 2658 1145 2690 Manutius
1177 2659 1357 2700 glossema
1393 2661 1528 2703 expulit
1564 2660 1569 2705 Ι

153 2711 197 2745 21
225 2722 312 2744 uero
330 2715 504 2747 sinestra
523 2721 578 2748 est
593 2717 700 2749 lucili
716 2717 838 2748 eadem
856 2716 941 2748 libri
985 2714 990 2760 Ι
1033 2717 1079 2750 25
1097 2736 1140 2741 -—
1156 2729 1190 2760 p.
1205 2718 1287 2755 246,
1304 2718 1326 2751 4
1353 2719 1396 2753 cs.
1417 2720 1568 2764 scriptor

154 2771 350 2814 Epicureus
380 2771 594 2818 [Plutarchi]
623 2775 663 2805 :lc
690 2775 781 2820 plac.
808 2774 941 2819 philos.
967 2783 980 2808 ῐ
1007 2775 1040 2815 7,
1067 2777 1090 2810 ὃ
1108 2787 1158 2821 sq.
1186 2777 1257 2810 300
1273 2778 1319 2810 D.
