1842 3250
583 199 829 233 EPICVRVS
855 201 921 232 DE
950 201 1017 233 ΡΗ
1022 201 1281 235 ILOSOPHIS
1573 201 1642 235 175

226 321 378 354 mutans,
410 314 476 347 sed
502 315 552 348 ita
578 321 615 347 ut
643 325 685 346 ea
710 325 802 358 quae
830 315 1008 356 corrigere
1035 316 1124 354 uolt,
1161 315 1248 350 mihi
1273 317 1420 360 quidem
1446 317 1642 360 depraunre

226 379 390 411 uideatur
416 404 535 414 .....
559 379 639 423 (21)
665 379 714 412 ita
739 390 830 423 quae
855 385 966 413 mutat
985 390 1026 412 ea
1044 381 1245 423 corrumpit,
1272 391 1363 423 quae
1382 381 1543 424 sequitur
1561 386 1642 415 sunt

226 449 301 476 tota
327 443 524 477 Democriti
554 469 563 477 .
583 470 590 476 .
613 469 620 476 .
642 470 649 477 .
677 454 767 487 quae
794 444 862 477 etsi
889 444 975 476 mihi
1005 444 1107 476 nullo
1140 445 1250 477 modo
1281 445 1488 488 probantur.
1523 450 1642 480 tamen

226 508 469 542 Democritum
503 508 688 541 laudatum
718 518 737 540 a
772 507 900 541 ceteris
939 508 983 541 ab
1016 509 1098 548 hoc,
1136 510 1196 552 qui
1232 520 1313 544 eum
1353 515 1641 554 unum-secutus

185 583 202 609 5
226 576 333 611 esset,
360 572 495 605 nonem
520 570 790 616 uituperatum’.

226 634 480 670 anmucnvs
515 637 596 671 adu.
623 637 778 670 Coloten
804 637 826 670 3
853 647 886 680 p.
910 638 1017 672 1108*
1056 636 1301 681 Δημοκρίτου
1334 638 1428 672 καλὰ
1461 639 1522 672 καὶ
1554 638 1642 681 πρέ-

225 710 349 735 ποντα
374 700 596 735 διδασκάλια
622 702 872 743 κομιζομένου
897 702 985 745 παρ’
1015 702 1134 736 αὐτοῦ
1163 702 1432 746 (Ἐπικούρου).

130 785 201 820 235
346 780 488 816 CICERO
523 782 569 814 de
595 787 666 814 nat.
693 782 792 814 deor.
819 787 833 814 1
860 781 918 819 33,
936 780 982 815 93
1023 781 1168 814 ‘istisne
1204 781 1355 814 fidentes
1389 781 1538 814 somniis
1569 792 1642 815 non

226 845 335 878 modo
362 845 538 888 Epicurus
573 851 608 878 et
642 845 872 878 Metrodorus
905 852 939 878 et
966 846 1205 878 Hermarchus
1240 850 1365 879 contra
1390 846 1643 889 Pythagoram,

173 921 203 946 ιο
226 910 411 943 Platonem
447 909 778 952 Empedoclemque
813 909 990 948 dixerunt,
1028 909 1092 941 sed
1128 910 1353 943 meretricula
1388 910 1493 943 etiam
1529 911 1643 943 Leon-

225 975 311 1007 tium
338 980 460 1007 contra
478 973 767 1018 Theophrastum
794 974 949 1007 scribere
976 985 1061 1007 ausa
1088 974 1164 1006 est?
1188 1000 1197 1010 .
1217 1000 1225 1010 .
1246 1000 1254 1010 .
1276 1000 1285 1008 .
1311 981 1346 1008 et
1371 974 1498 1008 soletis
1517 974 1643 1018 queri?

275 1065 283 1073 .
299 1064 308 1073 .
333 1050 412 1072 cum
431 1039 608 1083 Epicurus
625 1039 863 1073 Aristotelem
889 1039 1026 1071 uexat-it
1051 1038 1427 1078 contumeliosissime,
1454 1039 1644 1072 Phaedoni

225 1103 408 1136 Socratico
434 1103 637 1147 turpissime
663 1103 756 1136 male
784 1104 924 1141 dixerit,
952 1103 1152 1136 Metrodori
1179 1103 1315 1138 sodalis
1342 1106 1397 1137 sui
1423 1104 1566 1138 fratrem
1584 1105 1644 1139 Ti-

224 1173 416 1206 mocraten,
455 1168 540 1211 quia
569 1168 692 1201 nescio
722 1168 807 1211 quid
836 1168 871 1199 in
898 1167 1131 1211 philosophia
1164 1167 1382 1207 dissentiret,
1424 1168 1509 1201 totis
1542 1169 1644 1202 uolu-

170 1241 202 1267 15
224 1232 381 1266 minibus
409 1232 618 1271 conciderit,
650 1233 686 1265 in
709 1233 956 1265 Democritum
980 1233 1109 1276 ipsum,
1141 1242 1248 1276 quem
1276 1237 1419 1266 secutus
1445 1238 1510 1272 est,
1536 1233 1643 1267 suerit

223 1297 395 1338 ingratus,
426 1297 687 1341 Nausiphanen
719 1297 926 1338 magistrum
961 1307 1075 1334 suum.
1114 1307 1134 1329 a
1170 1307 1242 1340 quo
1276 1308 1347 1330 non
1382 1297 1473 1330 nihil
1509 1298 1643 1331 didice-

224 1365 288 1403 rat,
314 1366 384 1394 tam
409 1362 502 1396 male
528 1363 706 1405 acceperit
716 1361 736 1394 ².

129 1447 199 1481 236
345 1440 540 1476 LAmtnvs
565 1440 677 1477 Dioo.
699 1449 725 1473 x
743 1441 766 1475 8
792 1441 1027 1485 πλεύμονά
1055 1451 1097 1476 τε
1123 1441 1242 1476 αὺτὸν
1270 1441 1529 1486 (Ναυσιφάνη)
1557 1440 1641 1478 ἑκά·

224 1509 280 1543 λει
305 1508 366 1541 καὶ
393 1506 695 1550 ἀγράμματον
722 1506 782 1541 καὶ
809 1505 1059 1542 ἀπατεῶνα
1086 1506 1146 1541 καὶ
1175 1507 1364 1550 πόρνην.

130 1589 199 1624 237
345 1586 606 1622 PLV'l'Ancuvs
633 1592 758 1620 contra
775 1588 921 1632 Epicuri
939 1588 1199 1620 beatitudinem
1216 1588 1238 1621 2
1256 1600 1290 1632 p.
1311 1588 1420 1622 10860
1446 1591 1526 1630 τοῖς
1551 1588 1642 1624 ὲκεί-

168 1663 199 1687 21
224 1663 303 1687 νων
339 1652 582 1697 (Ἐπικούρου
617 1653 678 1686 καὶ
710 1651 975 1696 Μητροδώρου
1009 1652 1150 1696 λόγοις)
1182 1653 1204 1686 ὁ
1237 1652 1422 1697 Κωλώτης
1452 1655 1642 1697 παραβαλ-

224 1786 279 1818 uir
303 1795 452 1826 magnus
479 1785 515 1816 in
541 1784 674 1828 primis,
702 1784 802 1816 cuius
830 1784 989 1817 sontibus
1008 1784 1184 1832 Epicurus
1211 1784 1376 1817 hortulos
1403 1795 1487 1818 suos
1513 1785 1641 1827 inriga·

224 1844 305 1879 uit’.
334 1844 379 1877 de
397 1843 503 1876 lin-11
524 1843 666 1883 31,102
694 1843 938 1876 ‘Democritus
968 1869 975 1877 .
994 1869 1024 1877 ..
1052 1853 1157 1885 quem
1182 1842 1245 1875 ille
1271 1854 1376 1876 unum
1402 1849 1545 1877 secutus
1570 1844 1643 1877 est'

344 1903 365 1937 5
393 1903 436 1937 cf.
463 1913 572 1947 supra
596 1914 630 1946 p.
649 1902 694 1935 97
733 1903 739 1946 1
779 1903 800 1934 7
827 1902 944 1954 pergit
962 1903 1017 1935 Pl.
1046 1901 1106 1936 καί
1132 1913 1191 1937 τοι
1215 1903 1335 1937 πολὺν
1363 1903 1501 1946 χρόνον
1528 1904 1643 1946 αὐτὸς

225 1961 362 1997 ἑαυτὸν
389 1961 599 2005 ἀνηγόρευε
618 1960 896 2005 Δημοκρίτειον
915 1961 935 1995 ὁ
955 1960 1184 2004 Ἐπίκουρος
1211 1962 1263 2002 ὡς
1290 1962 1395 1996 ἄλλοι
1420 1972 1462 1997 τε
1488 1962 1642 2005 λέγουσι

226 2020 499 2063 καῐΛεοντεύς,
526 2018 579 2062 εἷς
602 2023 683 2055 τῶν
710 2020 768 2056 ἐπ’
796 2020 913 2064 ἄκρον
940 2019 1162 2063 Επικούρου
1190 2023 1381 2064 μαθητῶν,
1407 2021 1502 2065 πρὸς
1524 2022 1642 2057 Λυκό·

224 2089 352 2122 φρονα
376 2078 538 2124 γράφων
567 2078 745 2121 τιμᾶσθαί
770 2079 813 2114 τὲ
838 2087 933 2122 φησι
959 2078 1029 2113 τὸν
1056 2079 1300 2122 Δημόκριτον
1332 2080 1395 2115 ὑπ’
1420 2081 1642 2126 Επικούρου

225 2139 286 2174 διὰ
311 2139 357 2174 τὸ
381 2139 571 2184 πρότερον
597 2138 768 2181 ἅψασθαι
792 2138 861 2180 τῆς
886 2137 1002 2181 ὀρθῆς
1027 2138 1217 2182 γνώσεως,
1243 2139 1367 2173 καὶτὸ
1386 2140 1549 2175 σύνολον
1569 2140 1642 2183 τὴν

223 2195 483 2242 πραγματείαν
502 2196 779 2241 Δημοκρίτειον
803 2198 1154 2240 προσαγορεύεσθαι
1180 2197 1240 2232 διὰ
1265 2197 1311 2231 τὸ
1337 2203 1553 2242 περιπεσεῖν
1577 2201 1643 2236 αὐ·

222 2256 293 2292 τὸν
318 2257 508 2301 πρότερον
533 2259 615 2298 ταῖς
641 2256 772 2300 ἀρχαῖς
791 2257 876 2299 περὶ
894 2256 1058 2299 φύσεως.
1086 2257 1107 2291 ό
1126 2257 1167 2291 δὲ
1185 2255 1447 2302 Μητρόδωρος
1465 2259 1643 2303 ἄντικρυς

225 2315 290 2361 (ἐν
305 2314 384 2361 τῷ)
407 2315 504 2359 Περὶ
528 2314 761 2360 φιλοσοφίας
785 2314 944 2360 εἴρηκεν,
972 2316 1024 2357 ὡς
1050 2314 1082 2350 εἰ
1109 2317 1159 2358 μὴ
1186 2316 1433 2360 καθηγήσατο
1451 2317 1642 2362 Δημόκρι-

224 2385 301 2418 τος,
326 2374 398 2410 οὐκ
416 2374 464 2409 ἂν
481 2376 674 2419 προῆλθεν
692 2373 909 2419 Ἐπίκουρος
928 2375 988 2410 ἐπὶ
1006 2375 1076 2417 τὴν
1102 2374 1242 2417 σοφίαν
1275 2375 1292 2419 ΙΙ
1325 2376 1347 2409 8
1372 2379 1524 2410 somniis
1549 2389 1640 2421 quae

225 2433 401 2477 Epicurus
428 2434 474 2466 de
499 2438 623 2467 natura
648 2444 688 2466 ac
717 2434 831 2466 forma
858 2434 1006 2466 deorum
1033 2434 1224 2466 extulerat:
1265 2435 1384 2477 itaque
1409 2435 1453 2467 de
1480 2436 1546 2469 hac
1570 2447 1641 2469 ma-

224 2491 317 2523 xime
350 2501 387 2524 re
421 2496 544 2524 contra
570 2493 812 2536 Pythagoram
840 2493 1029 2525 Platonem
1060 2493 1321 2537 Empedoclem
1355 2494 1643 2538 Theophrastum

224 2550 270 2582 ab
288 2549 445 2594 Epicuro
473 2557 509 2584 et
533 2551 723 2596 discipulis
750 2552 967 2595 disputatum
996 2556 1049 2584 est
1087 2552 1093 2595 Ι
1135 2552 1177 2584 16
1203 2563 1274 2585 non
1300 2552 1337 2585 in
1357 2553 1483 2585 codice
1501 2553 1643 2588 Rehdi·

225 2618 357 2649 gerano
382 2609 570 2654 suppletur
612 2610 628 2654 ll
674 2612 716 2645 18
741 2612 936 2652 πλεύμονα
963 2611 1002 2645 fr.
1027 2610 1090 2644 114
1130 2609 1137 2655 1
1181 2612 1222 2644 19
1248 2612 1309 2646 καὶ
1326 2612 1474 2656 πόρνην
1492 2624 1550 2646 om
1569 2613 1618 2646 Fr
1637 2613 1644 2655 1

228 2666 405 2713 πόρν[ο]ν
429 2679 509 2702 cum
535 2670 643 2702 litura
667 2670 714 2705 Η.
744 2670 788 2704 ef.
807 2670 930 2703 Crates
949 2671 1083 2703 Laertii
1101 2678 1138 2703 vi
1158 2670 1204 2706 85
1230 2669 1356 2714 λίχνος
1380 2671 1526 2715 πόρνης
1551 2672 1641 2707 ἑπα-

224 2728 455 2770 γαλλόμενος
480 2732 646 2774 πυγῇσιν
