1846 3288
293 289 469 323 XXXVI
851 285 1144 319 PRAEFATIO

294 410 327 446 si
366 407 613 446 nouissimus
650 406 784 443 editor
821 404 943 440 libros
975 402 1140 451 Epicuri
1176 403 1296 440 inseri
1338 402 1465 451 iussit,
1504 403 1585 440 iam
1623 415 1707 440 non

294 476 570 515 dubitabimus
596 473 761 511 Laertio
785 467 993 519 Diogenil
1015 476 1056 507 et
1083 470 1202 507 huius
1236 471 1334 508 doni
1360 471 1534 520 gratiam
1556 470 1706 507 referre

293 550 337 582 et
376 542 665 593 neglegentiae
709 550 1009 589 quamcumque
1052 550 1101 574 ea
1145 538 1185 575 in
1222 550 1264 575 re
1308 538 1509 576 commisit
1545 539 1708 576 ueniam

296 612 459 650 habere.

411 677 573 725 Quodsi
595 681 789 725 quattuor
811 674 851 710 hi
873 673 994 711 libelli
1026 675 1273 710 uetustatem
1305 685 1388 710 non
1420 673 1621 717 tulissent,
1653 673 1710 710 ad

293 747 525 784 interiorem
573 742 760 793 profecto
808 741 1067 789 disciplinam
1111 739 1359 789 Epicuream
1404 741 1540 778 aditus
1589 740 1708 777 nobis

295 814 532 864 praeclusus
564 817 687 847 esset.
750 820 843 846 nam
882 808 950 857 qui
989 808 1199 857 physicam
1237 808 1381 845 saltem
1413 814 1572 857 partem
1603 821 1707 846 unus

297 879 617 919 luculentissime
655 877 842 926 explicat,
883 875 932 913 T.
965 875 1236 912 Lucretius
1280 874 1432 913 Carus
1473 882 1514 913 et
1544 889 1709 915 carmen

295 948 456 998 scripsit
491 953 531 983 et
563 958 616 983 eo
649 944 820 982 consilio
853 949 896 980 ut
927 943 1183 992 popularium
1218 943 1374 980 animos
1405 943 1498 981 huic
1528 944 1708 994 philoso-

298 1016 419 1066 phiae
441 1014 678 1053 conciliaret
706 1013 913 1061 rudesque
945 1010 1082 1048 adhuc
1113 1011 1357 1060 institueret,
1388 1017 1430 1047 et
1452 1012 1586 1060 potius
1609 1024 1707 1061 qua-

296 1086 354 1122 les
385 1084 558 1121 fortasse
599 1081 684 1129 ipse
715 1080 901 1117 audierat
939 1078 1100 1116 scholas
1133 1089 1258 1127 quarn
1297 1079 1472 1116 auctoris
1502 1076 1597 1128 περὶ
1626 1077 1708 1129 φύ-

296 1159 412 1200 σεως
433 1151 555 1188 libros
578 1148 778 1197 exprimit,
802 1158 905 1196 quos
929 1147 960 1183 si
979 1145 1091 1196 adiit,
1122 1146 1370 1194 singularum
1401 1158 1533 1184 rerum
1565 1158 1709 1185 caussa

296 1219 493 1268 inspexit;
538 1217 650 1253 unde
692 1215 735 1252 fit
773 1220 817 1252 ut
859 1226 941 1251 non
984 1214 1112 1251 solum
1154 1214 1353 1250 canonica
1396 1214 1472 1250 sed
1509 1213 1631 1251 etiam
1668 1215 1710 1252 in

297 1285 476 1337 physicis
507 1295 571 1321 res
611 1282 857 1320 difficiliores
890 1294 913 1318 a
949 1281 1067 1330 poesi
1098 1280 1314 1329 prohibeat
1328 1277 1356 1319 2.
1422 1286 1566 1318 contra
1594 1280 1635 1318 hi
1665 1281 1710 1319 li-

296 1353 389 1392 belli
419 1364 504 1390 non
535 1350 799 1398 discentibus,
846 1350 922 1387 sed
959 1348 1184 1386 scientibus
1215 1348 1353 1398 scripti
1389 1348 1596 1387 iuuandae
1626 1361 1707 1387 me-

295 1421 448 1459 moriae
486 1431 635 1457 caussa
670 1429 805 1466 eoque
842 1416 1101 1468 multifariam
1135 1416 1253 1452 nobis
1291 1416 1455 1453 obscuri
1485 1416 1609 1454 etiam
1638 1428 1710 1467 pe-

297 1489 464 1526 nitiores
486 1485 773 1536 philosophiae
802 1486 916 1523 locos
939 1485 1155 1533 attingunt,
1186 1484 1360 1520 maxime
1381 1484 1546 1533 primus.
1589 1483 1711 1522 Com-

295 1555 496 1594 mentario
524 1562 664 1591 tamen
695 1553 770 1590 hos
804 1552 925 1589 libros
959 1553 1180 1601 explanare
1219 1563 1297 1588 nec
1328 1552 1444 1600 potui
1474 1564 1552 1589 nec
1580 1551 1709 1597 uolui;

297 1624 446 1661 scribet
482 1635 576 1659 eum
614 1622 682 1671 qui
715 1620 970 1670 disciplinam
1005 1619 1166 1668 Epicuri
1197 1626 1388 1657 accurate
1418 1619 1709 1669 inuestigatam

297 1691 520 1730 enarrabit:
570 1701 648 1738 ego
689 1689 747 1725 eis
790 1689 858 1737 qui
902 1688 1142 1736 intellegere
1180 1687 1255 1736 ipsi
1298 1687 1440 1724 uolent
1483 1686 1709 1724 subsidium

297 1757 647 1808 interpretationis
685 1755 741 1805 (p.
763 1757 846 1794 374
881 1753 987 1804 sqq.)
1024 1755 1178 1804 paraui,
1217 1754 1286 1791 ubi
1319 1765 1410 1791 cum
1448 1754 1615 1802 singulis
1645 1766 1711 1791 ca·

296 1826 446 1877 pitibus
486 1824 650 1862 conlata
689 1823 902 1861 inuenient
939 1828 980 1858 et
1020 1822 1248 1870 fragmenta
1286 1827 1328 1858 et
1359 1820 1522 1859 Lucreti
1552 1827 1713 1859 cetero-

297 1905 468 1943 rumque
505 1892 753 1929 testimonia.
816 1891 890 1927 sed
928 1890 970 1926 in
1008 1902 1088 1939 qua
1126 1901 1168 1926 re
1205 1889 1321 1938 quasi
1362 1889 1572 1926 cardinem
1609 1889 1713 1926 uerti

298 1968 339 1998 et
371 1959 656 1998 difficultatem
680 1965 749 1998 aut
770 1969 935 1995 omnem
968 1963 1039 1994 aut
1060 1957 1282 1994 maximam
1313 1957 1434 1993 sitam
1465 1967 1559 1993 esse
1590 1968 1712 1994 nemo

298 2040 382 2067 non
405 2028 568 2075 sentiat,
591 2026 907 2076 explicationem
925 2025 1143 2062 uerborum
1164 2036 1249 2061 non
1270 2024 1400 2073 potui,
1433 2035 1485 2061 ne
1508 2024 1541 2060 si
1565 2024 1713 2061 uellem

301 2097 480 2148 quidem,
527 2095 704 2132 alienam
751 2094 801 2131 ab
841 2092 976 2129 officio
1014 2103 1108 2128 meo
1141 2091 1337 2129 iudicare.
1399 2102 1499 2128 sane
1535 2090 1568 2128 si
1598 2091 1714 2127 uolu-

299 2163 477 2202 minibus
512 2163 583 2200 {llis
615 2162 782 2210 integris
803 2167 1020 2207 uteremur,
1052 2160 1196 2208 quibus
1219 2159 1418 2208 Epicurus
1441 2158 1623 2208 singulas
1653 2157 1714 2195 di-

301 2230 497 2282 scipiinae
520 2237 656 2279 partes
679 2229 867 2266 uberiore
891 2228 1169 2277 disputatione
1195 2226 1401 2276 tractauit,
1433 2231 1599 2263 cautum
1627 2231 1715 2263 erat

301 2311 353 2336 ne
377 2298 616 2336 obscuriora
647 2297 765 2334 nimis
787 2296 915 2334 multa
938 2295 1273 2343 relinquerentur.
1312 2305 1423 2331 nunc
1454 2305 1504 2330 ex
1531 2298 1646 2330 tanta
1673 2292 1718 2330 li-

296 2366 462 2403 brorum
503 2364 625 2414 copia
667 2364 705 2401 ei
754 2364 829 2401 soli
871 2363 998 2400 relicti
1034 2367 1128 2399 sunt
1160 2361 1295 2411 libelli,
1333 2361 1480 2409 quibus
1519 2359 1718 2409 amplissi-

297 2444 457 2470 morum
490 2432 679 2469 librorum
716 2436 1002 2481 argumentum
1041 2431 1083 2467 in
1113 2429 1395 2467 breuissimam
1426 2427 1718 2466 admonitionis

300 2500 517 2537 formulam
541 2499 756 2536 redactum
778 2503 852 2537 est.
900 2498 1072 2535 obticuit
1094 2509 1174 2534 uox
1196 2496 1377 2546 magistri
1400 2495 1481 2532 uim
1502 2494 1718 2532 uerborum

299 2567 548 2605 definientis.
611 2577 747 2616 neque
780 2567 822 2602 in
853 2565 1037 2602 Platonis
1070 2563 1386 2612 Aristotelisque
1419 2574 1609 2600 sermone
1640 2561 1717 2599 nisi

300 2635 505 2672 rarissime
531 2634 750 2684 quicquam
783 2639 845 2669 est
875 2632 1067 2682 praesidi.
1114 2632 1210 2669 artis
1243 2631 1351 2668 enim
1384 2641 1481 2668 suae
1513 2628 1720 2666 uocabula

421 2783 437 2816 1
468 2784 567 2815 aliter
591 2784 631 2817 F.
660 2783 888 2815 Nietzschius
918 2782 1091 2814 iudicauit
1119 2782 1155 2813 in
1179 2791 1297 2824 progr.
1326 2779 1431 2812 Basil.
1459 2789 1486 2812 S.
1516 2789 1542 2811 S.
1569 2787 1606 2822 p.
1627 2776 1719 2819 55q.

419 2841 441 2875 2
467 2842 513 2877 cs.
532 2843 575 2875 de
593 2842 649 2874 his
668 2843 776 2875 rebus
795 2843 823 2875 1.
840 2842 955 2874 Bruns
973 2841 1273 2873 Lucrez-studien
1291 2840 1321 2871 F
1324 2838 1458 2879 riburgi
1480 2838 1595 2878 Brisg.
1614 2834 1719 2870 1884.
