1842 3250
208 614 295 647 301·

209 762 278 796 302

210 973 277 1006 303

209 1181 279 1215 304

306 230 377 263 214
791 230 994 262 EPICVRI
1020 230 1235 263 PHYSICA

306 344 353 378 τὰ
376 344 510 387 ἄπειρα
537 344 632 378 κατὰ
656 344 747 384 τοὺς
773 342 952 386 ἀπείρους
977 344 1044 384 τὰς
1070 343 1184 386 ἀρχὰς
1209 344 1400 387 λέγοντας,
1428 345 1487 378 καὶ
1506 345 1546 378 ἐκ
1565 345 1713 379 τούτων

307 408 514 451 γνώριμον·
542 407 694 449 λέγουσι
721 409 787 450 μὲν
812 407 884 450 γὰρ
909 409 999 449 τοὺς
1025 408 1188 450 κόσμους
1216 407 1409 453 ἀπείρους·
1441 409 1589 443 τούτων
1615 409 1655 443 δὲ
1683 407 1715 442 εί

308 473 374 514 μὲν
402 473 461 506 καὶ
488 473 647 513 ἕκαστος
670 473 796 505 αὐτῶν
823 472 860 506 ἐξ
886 470 1052 515 ἀπείρων
1078 471 1204 515 ἀρχῶν
1232 472 1310 507 ἐστι
1333 471 1585 515 συγκείμενος,
1612 472 1713 506 ἀπει·

306 536 410 579 ράκις
436 536 570 580 ἄπειρα
595 535 643 570 τὰ
669 536 804 579 ἄπειρα
830 535 974 579 ἀνάγκη
1002 537 1095 578 εἶναι
1121 539 1196 571 κτλ.

430 617 573 650 AETIVS
599 625 625 649 11
657 618 685 655 l,
704 616 725 649 8
752 628 785 659 p.
805 616 894 649 329¹>
913 617 932 650 3
952 618 996 649 D.
1017 616 1135 659 (Stob.
1156 617 1221 650 ecl.
1241 617 1342 660 phys.
1363 617 1418 660 22,
1436 617 1472 661 3)
1500 617 1715 661 Ἐπίκουρος

307 682 438 716 ἄνισον
466 680 560 714 εἶναι
589 679 634 712 τὸ
661 679 797 721 μεταξὺ
823 681 902 712 τῶν
929 679 1081 721 κόσμων
1109 679 1306 722 διάστημα.

427 762 572 796 ΑΕΤινε
598 769 628 794 11
655 761 688 799 2,
707 761 727 794 3
755 772 788 804 p.
805 762 894 794 329⁸
911 762 931 795 5
949 763 995 795 D.
1022 762 1131 806 (Plut.
1150 770 1180 795 11
1199 762 1235 805 2)
1262 761 1478 805 Ἐπίκουρος
1505 763 1545 798 δὲ
1573 763 1715 805 ἐνδέχε-

308 829 393 862 σθαι
421 828 487 869 μὲν
516 827 609 861 εἶναι
637 826 889 869 σφαιροειδεῖς
913 827 1004 867 τοὺς
1029 827 1202 869 κόσμους,
1243 827 1459 870 ἐνδέχεσθαι
1485 827 1524 861 δὲ
1551 828 1611 861 καὶ
1639 828 1715 862 ἑτέ-

307 902 386 934 ροις
412 891 575 934 σχήμασι
602 893 815 934 κεχρῆσθαι.

426 972 573 1005 Aurlvs
601 979 627 1003 Π
656 971 688 1009 7,
716 972 735 1004 3
764 982 797 1013 p.
818 966 886 1005 '336
913 971 958 1004 D.
985 970 1094 1013 (Plut.
1121 979 1151 1004 11
1179 971 1211 1009 7,
1239 971 1260 1004 2
1294 972 1393 1004 Stob.
1422 972 1488 1005 ecl.
1514 972 1574 1016 ph.
1600 972 1658 1011 22,
1680 972 1714 1017 1)

306 1035 523 1079 Ἐπίκουρος
550 1034 660 1070 ἐνίων
688 1035 754 1077 μὲν
781 1035 934 1077 κόσμων
960 1034 1091 1078 ἀραιὸν
1117 1036 1161 1069 τὸ
1188 1036 1314 1079 πέρας,
1355 1036 1466 1070 ἐνίων
1493 1037 1534 1071 δὲ
1560 1037 1714 1080 πυκνόν,

307 1101 367 1135 καί
392 1101 542 1135 τούτων
568 1100 615 1134 τὰ
642 1100 709 1141 μέν
735 1110 819 1134 τινα
846 1100 1049 1141 κινούμενα
1073 1100 1120 1134 τὰ
1147 1101 1179 1134 δ’
1206 1099 1374 1143 ἀκίνητα.

430 1181 583 1227 [Pmno]
612 1193 650 1216 π.
679 1181 890 1225 ἀφθαρσίας
917 1181 1060 1224 κόσμου
1088 1183 1109 1216 3
1135 1194 1169 1226 p.
1190 1182 1271 1223 222,
1291 1183 1311 1214 2
1335 1184 1440 1216 Bern.
1481 1183 1717 1227 Δημόκριτος

307 1249 374 1290 μὲν
406 1247 475 1282 οὖν
508 1248 568 1281 καί
594 1246 810 1290 Ἐπίκουρος
844 1247 904 1281 καὶ
931 1248 950 1281 ό
977 1247 1094 1288 πολὺς
1125 1247 1252 1289 ὅμιλος
1283 1249 1361 1281 τῶν
1393 1247 1468 1282 ἀπὸ
1501 1251 1568 1290 τῆς
1603 1251 1717 1290 στοᾶς

307 1313 534 1356 φιλοσόφων
552 1312 703 1353 γένεσιν
722 1312 782 1346 καὶ
801 1312 950 1355 φθορὰν
978 1311 1227 1347 ἀπολείπουσι
1252 1315 1322 1347 τοῦ
1349 1313 1504 1355 κόσμου,
1530 1312 1628 1355 πλὴν
1647 1312 1717 1355 οὐχ

308 1377 462 1419 ὁμοίως·
511 1375 546 1410 οἳ
573 1377 639 1418 μὲν
665 1376 737 1419 γὰρ
764 1377 927 1417 πολλοὺς
954 1376 1118 1418 κόσμους
1145 1376 1444 1419 ὑπογράφουσιν,
1469 1376 1525 1411 ὧν
1551 1377 1622 1419 τὴν
1647 1377 1714 1419 μὲν

306 1443 454 1484 γένεσιν
482 1440 772 1484 ἀλληλοτυπίαις
800 1442 861 1475 καὶ
889 1441 1106 1481 ἐπιπλοκαῖς
1132 1440 1286 1482 ἀτόμων
1313 1440 1539 1484 ἀνατιθέασι,
1577 1441 1648 1484 τὴν
1676 1443 1716 1477 δέ

307 1506 456 1550 φθορὰν
482 1505 703 1547 ἀντικοπαῑς
729 1506 789 1539 καὶ
814 1505 1041 1552 προσράξεσι
1066 1507 1148 1539 τῶν
1171 1505 1399 1547 γεγονότων.

306 1570 521 1605 COMMENTA
548 1568 695 1604 LveAm
721 1578 778 1603 vn
809 1572 822 1603 l
851 1582 885 1614 p.
903 1570 984 1609 220,
1006 1571 1025 1604 5
1060 1570 1222 1602 ‘diuerse
1249 1570 1359 1603 Stoici
1387 1576 1421 1603 et
1445 1571 1626 1614 Epicurei,
1653 1571 1714 1614 qui

307 1642 341 1669 et
366 1641 486 1669 natum
514 1616 592 1668 esse
620 1634 819 1679 (mundum)
845 1642 879 1668 et
903 1636 1096 1679 periturum
1122 1635 1330 1669 adfirmant’.

307 1699 551 1734 LACTANTIVS
584 1700 694 1733 diuin.
722 1699 833 1734 instit.
861 1707 919 1732 vn
949 1701 980 1739 1,
1010 1700 1054 1733 lo
1092 1699 1200 1732 ‘unus
1233 1700 1339 1741 igitur
1364 1700 1539 1743 Epicurus
1572 1705 1714 1732 auctore

308 1765 515 1797 Democrito
534 1762 714 1796 ueridicus
732 1764 769 1795 in
787 1763 853 1795 hac
872 1774 908 1795 re
928 1764 1004 1802 fuit,
1034 1764 1093 1806 qui
1120 1764 1168 1796 ait
1195 1768 1230 1795 et
1257 1768 1371 1796 ortum
1390 1763 1583 1806 aliquando
1603 1764 1715 1796 fuisse

308 1827 508 1873 (mundum)
535 1833 570 1861 et
595 1827 788 1871 aliquando
818 1838 896 1860 esse
922 1828 1124 1871 periturum.
1177 1838 1241 1860 nec
1267 1833 1384 1860 tamen
1409 1828 1581 1860 rationem
1607 1828 1715 1860 ullam

308 1893 458 1926 reddere
483 1892 611 1936 potuit,
646 1884 784 1925 scilicet
810 1898 869 1925 aut
894 1893 1024 1935 quibus
1050 1893 1095 1924 de
1122 1893 1257 1925 caussis
1284 1897 1418 1925 tanturn
1444 1893 1513 1925 hoc
1541 1903 1630 1936 opus
1657 1897 1717 1925 aut

306 1969 377 2001 quo
404 1962 563 2001 tempore
593 1956 780 1990 soluatur'.

306 2022 402 2055 idem
428 2022 539 2055 diuin.
567 2022 676 2054 instit.
704 2028 735 2054 11
762 2021 818 2059 10,
846 2021 892 2054 24
935 2020 1052 2064 ‘quod
1080 2021 1109 2053 si
1135 2020 1319 2064 (mundus)
1345 2026 1462 2064 potest
1489 2021 1652 2053 occidere
1679 2021 1716 2052 in

307 2091 430 2126 totum,
458 2087 541 2130 quia
565 2097 629 2129 per
654 2092 771 2129 partes
798 2086 941 2124 occidit,
970 2090 1115 2130 apparet
1141 2085 1333 2129 aliquando
1361 2096 1439 2118 esse
1466 2091 1591 2124 ortum,
1619 2091 1654 2118 et
1678 2093 1717 2120 ut

307 2151 482 2193 fragilitas
509 2151 660 2189 initium,
688 2151 739 2182 sic
767 2150 926 2182 declarat
953 2155 986 2182 et
1011 2150 1208 2183 terminum.
1242 2159 1332 2192 quae
1361 2151 1389 2182 si
1418 2159 1502 2182 uera
1527 2156 1618 2189 sunt,
1643 2162 1715 2184 non

306 2216 423 2260 potuit
455 2216 647 2248 defendere
674 2215 904 2253 Aristoteles,
944 2224 1014 2257 quo
1047 2215 1162 2246 minus
1193 2214 1359 2246 habuerit
1390 2219 1423 2246 et
1454 2215 1606 2247 mundus
1638 2216 1716 2258 ipse

307 2280 529 2324 principium.
582 2280 679 2322 quod
712 2280 742 2312 si
773 2279 965 2312 Aristoteli
998 2279 1104 2311 Plato
1138 2284 1173 2311 et
1207 2279 1380 2322 Epicurus
1417 2283 1639 2321 extorquent,
1682 2284 1715 2312 et

307 2343 452 2376 Platoni
485 2348 519 2375 et
552 2342 757 2382 Aristoteli,
798 2344 859 2386 qui
891 2352 1030 2385 semper
1062 2343 1137 2375 sore
1168 2343 1337 2375 mundum
1370 2348 1593 2386 putauerunt,
1632 2343 1717 2376 licet

309 2409 378 2440 siut
405 2407 628 2451 eloquentes,
668 2408 815 2449 ingratis
848 2412 965 2440 tamen
991 2407 1086 2439 idem
1111 2407 1286 2450 Epicurus
1314 2408 1451 2450 eripiet,
1492 2409 1575 2451 quia
1601 2408 1716 2451 sequi-

308 2477 372 2512 tur,
397 2479 434 2505 ut
461 2473 590 2505 habeat
618 2477 653 2505 et
677 2471 808 2505 finem’.

429 2582 474 2615 22
501 2583 625 2615 Iunius
651 2583 894 2626 Philargyrius
923 2584 958 2614 in
985 2584 1092 2624 Verg.
1121 2593 1240 2625 georg.
1268 2590 1297 2615 11
1323 2582 1392 2616 336
1419 2593 1453 2625 p.
1469 2581 1537 2615 245
1552 2582 1632 2614 Vrs.
1660 2580 1713 2613 ‘in

309 2652 381 2685 quo
410 2642 552 2674 uidetur
579 2647 723 2674 secutus
749 2643 951 2685 Epicurum,
980 2642 1039 2683 qui
1067 2642 1130 2673 ait:
1171 2641 1358 2684 omniaque
1386 2645 1463 2673 orta
1489 2641 1654 2673 occidunt
1681 2644 1716 2671 et

310 2705 411 2732 aucta
436 2701 645 2733 senescunt'
672 2700 797 2733 debuit
822 2700 1028 2733 Sallustium
1052 2701 1129 2741 Iug.
1149 2701 1182 2738 2,
1200 2699 1221 2732 3
1250 2707 1427 2732 auctorem
1455 2699 1588 2731 dicere:
1622 2708 1715 2730 erro·

310 2760 357 2793 ris
384 2760 557 2802 originem
585 2759 763 2803 explicant
788 2770 912 2793 comm.
938 2760 1071 2792 Lucani
1096 2766 1109 2792 1
1133 2758 1176 2792 81
1204 2770 1238 2803 p.
1262 2759 1316 2799 17,
1334 2759 1355 2793 8

1739 983 1770 1007 10

1740 1321 1770 1347 15

1738 1967 1772 1993 25
