1846 3288
277 250 318 283 12
876 249 1080 282 EPICVRI

274 363 420 416 χρόων
450 377 497 406 τε
528 363 598 406 καὶ
632 363 946 416 ὁμοιομόρφων
985 363 1093 405 κατὰ
1123 363 1174 405 τὸ
1205 363 1472 415 ἐναρμόττον
1503 363 1687 415 μέγεθος

275 435 337 488 εἰς
366 436 446 486 τὴν
475 435 580 487 ὄψιν
609 436 635 488 ἢ
666 437 745 486 τὴν
776 434 984 486 διάνοιαν,
1028 434 1178 487 ὠκέως
1207 438 1302 487 ταῖς
1331 437 1492 488 φοραῖς
1522 436 1686 488 χρωμέ-

274 522 376 560 νων,
422 506 513 551 εῐτα
543 509 614 550 διὰ
644 508 806 559 ταύτην
836 505 915 559 τὴν
946 507 1085 550 αἰτίαν
1121 510 1200 550 τοῦ
1236 507 1338 560 ἑνὸς
1368 508 1438 550 καὶ
1472 510 1689 560 συνεχοῦς
1713 513 1760 547 50

274 581 352 632 τὴν
383 581 632 632 φαντασίαν
664 579 968 622 ἀποδιδόντων
997 580 1067 621 καὶ
1097 580 1174 631 τὴν
1205 579 1478 632 συμπάθειαν
1501 579 1588 623 άπὸ
1609 582 1690 623 τοῦ

274 653 560 705 ὑποκειμένου
598 652 836 708 σῳζόντων
872 652 981 694 κατὰ
1010 653 1089 694 τὸν
1120 653 1283 695 ἐκεῖθεν
1313 652 1561 705 σύμμετρον
1592 653 1688 696 ἐπε·
1713 666 1728 691 ⁵

275 727 454 778 ρεισμὸν
475 726 522 768 ἐκ
543 727 619 777 τῆς
650 725 760 768 κατὰ
789 725 923 778 βάθος
954 725 1002 767 ἐν
1032 729 1093 779 τῷ
1124 725 1363 781 στερεμνίῳ
1394 728 1482 768 τῶν
1513 724 1690 777 ἀτόμων

273 790 491 849 πάλσεως.
544 798 613 839 καὶ
643 798 697 849 ἢν
728 798 781 839 ἂν
813 797 1014 849 λάβωμεν
1045 798 1295 850 φαντασίαν
1326 798 1607 850 ἐπιβλητικῶς
1637 802 1689 854 τῇ

274 870 442 926 διανοίᾳ
462 871 488 923 ἢ
511 872 602 922 τοῖς
624 870 918 922 αἰσθητηρίοις
945 870 985 913 εἴ
1008 884 1055 913 τε
1084 873 1256 923 μορφῆς
1284 869 1324 913 εἴ
1347 884 1394 913 τε
1422 872 1688 924 συμβεβηκό-

274 958 374 995 των,
406 944 552 996 μορφή
584 944 703 986 ἐστιν
733 943 841 995 αὕτη
863 946 942 986 τοῦ
963 944 1231 996 στερεμνίου,
1262 944 1466 995 γινομένη
1499 945 1608 986 κατὰ
1637 945 1688 986 τὸ

275 1017 373 1068 ἑξῆς
403 1016 612 1068 πύκνωμα
632 1016 658 1068 ἢ
681 1016 997 1068 ἐγκατάλειμμα
1030 1018 1108 1059 τοῦ
1141 1015 1337 1059 εἰδώλου.
1379 1017 1430 1058 τὸ
1452 1017 1500 1059 δὲ
1521 1019 1689 1069 ψεῦδος
1714 1030 1747 1056 ιο

274 1090 344 1132 καὶ
379 1090 431 1132 τὸ
467 1090 812 1142 διημαρτημένον
849 1090 896 1131 ἑν
932 1093 994 1145 τῷ
1030 1089 1428 1145 προσδοξαζομένῳ
1466 1089 1533 1132 ἀεί
1569 1089 1688 1132 ἐστιν

273 1161 370 1216 <ἐπὶ
405 1164 484 1204 τοῦ
521 1159 881 1215 προσμένοντος)
916 1162 1398 1214 ἐπιμαρτυρηθήσεσθαι
1428 1162 1453 1213 ἢ
1484 1162 1538 1214 μὴ
1576 1161 1689 1204 ἀντι-

275 1234 696 1287 μαριύρηθήσεσθαι,
729 1233 801 1277 εἶτ’
835 1235 914 1277 οὐκ
945 1234 1373 1287 ἐπιμαρτυρουμένου
1403 1233 1456 1289 <ἢ
1489 1233 1688 1286 ἀντιμαρ-

274 1306 589 1361 τυρουμένου>·
635 1307 661 1358 ἥ
692 1321 738 1350 τε
770 1307 852 1360 γὰρ
883 1306 1090 1359 ὁμοιότης
1116 1309 1204 1349 τῶν
1234 1309 1507 1359 φαντασμῶν
1537 1306 1632 1350 οἷον
1661 1307 1688 1358 ἢ
1714 1313 1756 1346 51

275 1381 323 1423 ἐν
354 1380 485 1422 εἰκόνι
518 1381 859 1432 λαμβανομένων
892 1380 917 1432 ἢ
949 1379 1041 1422 καθ’
1074 1380 1240 1432 ὕπνους
1271 1381 1511 1431 γινομένων
1540 1380 1567 1432 ἢ
1599 1377 1689 1421 κατ’
1715 1393 1747 1421 1⁵

276 1452 412 1504 ἄλλας
451 1452 571 1504 τινὰς
608 1452 814 1504 ἐπιβολὰς
844 1454 921 1503 τῆς
952 1451 1148 1503 διανοίας
1178 1452 1203 1503 ἢ
1235 1454 1323 1494 τῶν
1355 1454 1520 1494 λοιπῶν
1551 1465 1688 1505 κριτη-

276 1525 380 1577 ρίων
412 1523 489 1566 οὐκ
521 1522 575 1566 ἄν
605 1536 712 1566 ποτε
745 1523 908 1575 ὑπῆρχε
939 1525 1031 1575 τοῖς
1053 1523 1154 1565 οὖσί
1173 1537 1220 1566 τε
1242 1524 1311 1565 καὶ
1342 1522 1523 1575 ἀληθέσι
1553 1534 1688 1576 προσ-

275 1597 627 1649 αγορευομένοις,
657 1595 694 1638 εἰ
725 1596 778 1648 μὴ
810 1594 864 1647 ἦν
895 1609 989 1639 τινα
1015 1596 1085 1638 καὶ
1105 1599 1285 1638 τοιαῦτα
1305 1597 1690 1649 προσβαλλόμενα·

398 1731 440 1764 13
469 1730 939 1774 ἐπιμαρτυρουμένου
974 1730 1070 1764 κατὰ
1095 1730 1180 1764 τινὰ
1206 1728 1353 1773 κίνησιν
1379 1731 1421 1765 ἐν
1446 1731 1534 1774 ἡμῖν
1560 1732 1690 1778 αὐτοῖς

276 1791 519 1833 συνημμένην
552 1793 600 1834 τῇ
633 1792 871 1834 φανταστικῇ
907 1790 1073 1833 ἐπιβολῇ,
1115 1789 1292 1833 διάληψιν
1319 1790 1360 1825 δὲ
1387 1790 1561 1834 ἔχουσαν,
1605 1791 1688 1826 καθ’
1712 1799 1747 1826 20

276 1849 323 1893 ἣν
347 1849 392 1884 τὸ
418 1849 561 1892 ψεῦδος
586 1848 740 1891 γίνεται.
791 1856 989 1883 Gnossmu
1016 1859 1059 1881 ex
1086 1849 1128 1883 51
1155 1859 1189 1892 p.
1213 1849 1266 1889 13,
1288 1849 1309 1882 2
1330 1860 1382 1893 sq.
1408 1850 1556 1893 petitum

398 2004 414 2036 1
444 2003 716 2046 ὁμοιομορφῶν
740 2004 769 2035 Β
804 2002 875 2048 {12
905 2005 1077 2046 μορφαῖς,
1105 2002 1168 2035 sed
1195 2013 1254 2044 mg
1279 2006 1415 2046 φοραῖς
1432 2003 1469 2035 Η
1502 2001 1518 2048 11
1552 2002 1574 2036 4
1597 2002 1690 2037 ἀπο-

276 2063 448 2104 διδόντος
469 2069 503 2095 et
522 2063 543 2096 5
563 2061 755 2104 σώζοντος
771 2063 855 2095 libr-i
889 2063 904 2105 ΙΙ
938 2064 959 2096 6
986 2062 1027 2096 ἐκ
1050 2060 1133 2106 τῆς]
1163 2062 1203 2097 ἐν
1230 2064 1309 2103 τοῖς
1326 2064 1363 2094 H
1395 2061 1412 2105 ΙΙ
1445 2063 1465 2095 7
1485 2061 1693 2107 π[άλσεως]

275 2132 353 2155 cum
371 2132 436 2155 ras.
454 2123 494 2161 B,
511 2121 560 2153 G:
580 2121 756 2162 πλάσεως
774 2122 883 2154 ceteri
904 2121 910 2164 Ι
933 2122 979 2155 ἂν
997 2121 1169 2164 λάβωμεν
1185 2122 1253 2155 Gs:
1273 2120 1519 2163 ἀναλάβωμεν
1533 2121 1662 2164 reliqui
1679 2116 1694 2166 {1

275 2181 298 2214 S
315 2183 395 2222 τοῖς
414 2180 655 2223 στερεμνίοις,
684 2182 747 2213 sed
767 2192 826 2222 mg
843 2183 922 2222 τοῖς
939 2179 1228 2224 αἰσθητηρίωις)
1251 2180 1279 2212 F
1312 2178 1329 2224 Η
1367 2180 1410 2213 10
1427 2180 1611 2221 πύκλωμα
1630 2181 1661 2212 G
1687 2179 1692 2223 Ι

276 2239 551 2281 ἐγκατάλειμμα
577 2242 646 2274 τοῦ
673 2240 702 2273 s:
735 2239 1078 2282 ἑγκαταλείμματος
1101 2239 1163 2272 Fe«
1197 2237 1538 2280 ἐνκαταλείμματος
1564 2239 1594 2270 Β
1631 2237 1690 2279 ἐγ-

276 2298 565 2340 καταλήμματος
592 2298 693 2340 HPQ
732 2299 737 2340 Ι
777 2297 945 2333 εἰδώλων
969 2299 1006 2331 H
1058 2298 1073 2341 Η
1135 2298 1176 2331 12
1202 2298 1335 2330 hiatum
1365 2298 1530 2341 suppleni
1569 2298 1574 2339 Ι
1613 2297 1690 2332 ἐπι-

276 2357 619 2400 μαρτυριθήσεσθαι
646 2358 675 2389 Β
703 2356 1071 2400 ἐπιμαρτυρήσεσθαι
1099 2358 1128 2389 F
1160 2357 1164 2398 Ι
1192 2356 1216 2398 ἢ
1243 2357 1293 2398 μὴ
1321 2356 1513 2399 ἀντιμαρτ.
1543 2367 1600 2389 om
1625 2358 1688 2395 Hs,

276 2416 459 2459 suppleuit
482 2426 542 2456 mg
568 2417 604 2448 H
626 2414 632 2459 Ι
655 2417 704 2457 μὴ
731 2426 789 2447 om
815 2416 844 2447 F
871 2416 877 2459 ι
906 2414 1334 2458 ἀντιμαρτυριθὴσεσθαι
1360 2417 1389 2447 Β
1418 2416 1689 2459 ἀντιμαρτυρή-

276 2477 407 2510 σεσθαι
426 2475 455 2506 F
490 2474 506 2517 Η
542 2475 585 2507 13
613 2474 761 2506 alterum
791 2475 895 2506 colon
923 2474 1161 2518 supplendum
1189 2481 1262 2507 erat
1295 2474 1310 2517 ΙΙ
1347 2475 1389 2507 14
1409 2472 1490 2508 οἷον
1510 2473 1549 2518 ἢ]
1574 2474 1690 2509 οἱονεὶ

275 2534 358 2566 libri
401 2533 417 2577 n
463 2533 504 2566 15
528 2531 854 2577 λαμβανομέν[ιυν]
882 2544 960 2565 cum
987 2543 1053 2566 ras.
1077 2534 1107 2564 B
1141 2531 1147 2576 Ι
1181 2533 1382 2575 γινομένου
1408 2533 1519 2575 BP¹Q
1553 2533 1559 2575 1
1593 2533 1689 2567 κατὰ

276 2594 389 2634 ἄλλας
407 2593 472 2625 BG
513 2591 528 2635 ΙΙ
574 2592 617 2624 18
642 2594 800 2625 τοιαῦτα
828 2592 1051 2624 Gasscndus:
1078 2594 1198 2625 ταῦτα
1225 2591 1311 2624 libri
1334 2590 1339 2636 l
1361 2589 1688 2635 προσβαλλόμενα]

276 2652 370 2695 πρὸς
396 2650 417 2685 ὃ
444 2650 483 2693 (ἃ
511 2651 555 2693 F)
582 2650 766 2692 βάλλομεν
793 2651 879 2682 libri

397 2710 440 2743 19
459 2709 554 2744 κατὰ
571 2709 642 2751 τὴν
661 2708 840 2752 ἀκίνητον
855 2710 940 2742 libri
968 2708 984 2755 ΙΙ
1014 2708 1059 2743 20
1076 2706 1348 2754 [φαν]ταστικῆ
1362 2709 1392 2740 F
1413 2709 1418 2752 Ι
1442 2708 1625 2752 διάλειψιν
1640 2710 1669 2742 F
1686 2708 1691 2754 Ι

277 2769 417 2813 ἐχούση
446 2769 549 2802 libri:
577 2779 665 2802 corr.
695 2769 901 2802 Gassendus
