1842 3250
65 928 98 952 10

65 1245 98 1271 15

22 1331 93 1365 602

618 221 821 256 EPICVRI
846 221 1035 255 ETHICA
1458 219 1532 259 339

118 339 208 376 ridis
238 345 340 374 tauro
373 344 569 384 peruratur,
603 339 898 372 exclamaturum:
941 338 1071 371 dulce
1098 343 1164 371 est
1191 343 1231 371 et
1257 339 1306 372 ad
1333 349 1394 372 me
1420 340 1532 372 nihil

119 406 324 449 pertinet.
373 405 462 448 quid
489 404 637 442 miraris,
667 404 696 435 si
723 413 790 444 ego
818 403 916 446 paria
942 403 1037 435 bona
1061 403 1144 435 dico
1172 404 1276 436 unius
1303 405 1338 436 in
1365 405 1533 436 conuiuio

120 470 282 508 iacentis,
310 469 455 501 alterius
482 469 573 501 iuter
600 473 773 500 tormenta
800 467 990 499 fortissime
1016 467 1164 499 stantis?
1196 478 1274 500 cum
1302 469 1399 511 quod
1426 469 1536 500 inerc-

125 534 275 567 dibilius
302 539 369 571 cst,
396 533 491 565 dicat
516 533 705 576 Epicurus,
733 532 861 564 dulce
891 542 986 563 esse
1013 531 1202 566 torreri'.

121 599 215 632 idem
241 609 296 642 ep.
328 598 450 635 6215
476 597 673 641 ‘torqueor‚
701 598 765 629 sed
791 597 941 631 fortiter:
975 597 1067 629 bene
1094 602 1160 630 est.
1203 598 1359 636 occidor,
1387 598 1450 631 sed
1471 598 1536 630 for-

119 663 211 695 titer:
255 662 349 694 bene
375 666 439 696 est.
503 661 584 694 audi
625 662 830 704 Epicurum,
865 661 959 693 dicet
991 666 1034 693 et
1065 660 1193 693 dulce
1225 666 1304 693 est.
1370 672 1437 703 ego
1463 666 1534 694 tam

120 726 294 758 honestae
322 726 373 759 rei
398 737 438 759 ac
465 736 612 758 seuerae
639 736 826 768 numquam
854 726 964 757 molle
991 736 1119 758 nomen
1147 725 1344 769 inponnm'.

121 788 367 823 LAOTANTlvs
394 790 505 822 diuin.
535 790 644 823 instit.
672 789 826 828 11127,5
852 790 1046 833 ‘Epicurus
1069 789 1182 822 multo
1209 790 1334 822 fortius
1359 790 1535 832 sapiens

122 855 238 897 inquit
275 865 449 898 semper
487 855 645 887 beatus
681 860 746 886 est
782 860 821 887 et
855 854 926 887 uel
961 854 1164 887 inclusus
1198 854 1239 886 in
1274 853 1534 886 Phalaridis

120 924 247 951 tauro
274 919 385 951 hanc
413 930 564 951 uocem
590 919 762 951 emittet
785 919 947 951 “suane
974 924 1039 951 est
1066 923 1108 951 et
1132 919 1248 951 nihil
1275 918 1415 952 cui-0²¹.
1456 918 1535 961 quis

120 993 200 1015 eum
236 995 307 1016 non
339 983 505 1022 inriserit,
541 983 691 1016 maxime
724 983 821 1026 quod
860 982 966 1015 homo
1001 983 1226 1027 uoluptarius
1251 993 1440 1026 personam
1467 983 1534 1015 sibi

119 1047 187 1080 uiri
214 1048 317 1080 fortis
342 1048 505 1091 inposuit
532 1053 565 1080 ct
591 1049 734 1091 quidem
766 1058 871 1091 supra
897 1047 1080 1080 modum?²

119 1112 216 1145 idem
241 1119 287 1146 111
316 1112 372 1151 17,
391 1112 438 1145 42
463 1111 629 1144 ‘mortem
662 1122 733 1144 non
758 1122 838 1144 esse
864 1112 1088 1144 metuendam
1116 1111 1197 1144 sorti
1228 1112 1305 1144 uiro
1332 1122 1396 1144 nec
1423 1111 1536 1144 ullum

122 1176 301 1209 dolorem:
341 1177 402 1220 qui
429 1177 535 1208 etiam
562 1176 591 1208 si
619 1181 836 1219 torqueatur,
864 1176 893 1208 si
919 1180 1049 1215 uratur,
1085 1175 1174 1208 nihil
1201 1185 1239 1208 se
1264 1186 1385 1208 curare
1413 1175 1535 1209 dicut’.

121 1241 216 1273 idem
243 1248 289 1274 m
319 1240 374 1279 17,
394 1241 415 1275 5
443 1239 564 1285 (supra
589 1252 622 1284 p.
650 1240 732 1279 276,
749 1240 823 1285 21).

241 1333 442 1367 Amimvs
473 1344 545 1366 nar.
572 1333 654 1366 hist.
681 1341 720 1366 ιν
751 1334 791 1366 13
825 1334 891 1372 (Ιο.
918 1332 1018 1366 Stob.
1047 1333 1123 1367 flor.
1151 1341 1232 1366 xvir
1260 1333 1319 1375 30)
1361 1333 1382 1366 ὁ
1416 1333 1532 1373 αὐτὸς

120 1396 248 1438 ἔλεγεν
283 1396 473 1440 ἑτοίμως
506 1398 626 1440 ἔχειν
658 1397 731 1432 καὶ
763 1400 823 1441 τῷ
850 1397 923 1431 Διί
957 1397 1072 1441 ὑπὲρ
1105 1397 1410 1440 εὐδαιμονίας
1438 1398 1530 1431 δια-

118 1460 392 1503 γωνίζεσθαι
418 1464 563 1504 μᾶζαν
590 1462 706 1505 ἔχων
733 1463 803 1496 καὶ
833 1462 963 1505 ὕδωρ.

122 1523 305 1558 CLEMENS
336 1526 443 1558 Alex.
477 1531 595 1558 strom.
625 1533 650 1558 11
684 1525 725 1558 21
755 1537 789 1568 p.
812 1525 890 1563 178,
910 1525 951 1558 41
995 1524 1212 1569 Ἐπίκουρος
1246 1526 1285 1560 δὲ
1320 1527 1360 1561 ἐν
1394 1529 1449 1570 τῷ
1480 1526 1532 1569 μὴ

121 1591 254 1630 πεινῆν
286 1589 381 1632 μηδὲ
412 1587 527 1631 διψῆν
560 1588 654 1630 μηδὲ
690 1587 820 1631 ῥιγοῦν
854 1588 924 1630 τὴν
957 1587 1201 1631 εὐδαιμονίαν
1233 1589 1428 1631 τιθέμενος
1463 1589 1535 1632 τὴν

243 1749 258 1782 1
288 1749 387 1782 nihil
402 1749 466 1792 Mp
505 1747 510 1790 Ι
549 1747 570 1781 2
597 1750 710 1781 unius
737 1773 745 1781 .
765 1773 773 1781 .
800 1750 952 1780 iacentis
970 1747 1032 1781 P2:
1061 1758 1117 1780 om
1137 1748 1199 1790 Mp
1234 1747 1240 1790 i
1275 1748 1294 1781 3
1323 1758 1399 1780 cum
1419 1747 1532 1793 quod]

119 1808 218 1850 quod
232 1817 312 1838 cum
331 1808 371 1839 M
396 1817 548 1849 quocum
567 1817 590 1849 p
625 1806 632 1849 Ι
667 1807 689 1839 4
709 1808 850 1838 torreri
863 1807 1000 1838 Haase:
1029 1808 1183 1838 terroris
1201 1805 1283 1837 libri
1317 1802 1334 1850 Η
1371 1806 1412 1838 16
1434 1817 1534 1850 prae-

119 1865 213 1897 cedit
232 1866 272 1899 sr.
288 1865 358 1899 473
381 1865 387 1908 Ι
410 1865 431 1900 ὁ
457 1864 574 1906 αὐτὸς
601 1875 658 1897 om
677 1865 777 1897 Stob.
814 1863 820 1909 Ι
860 1865 901 1897 17
928 1864 1032 1907 ἔλεγε
1060 1864 1090 1898 δ’
1111 1864 1212 1898 Stob.
1236 1864 1241 1906 Ι
1266 1865 1308 1896 cf.
1330 1865 1395 1908 Ep.
1417 1876 1472 1908 ep.
1489 1872 1533 1898 ΠΙ

121 1925 187 1958 131
216 1925 257 1958 fr.
280 1924 360 1958 181.
386 1924 469 1958 467.
512 1925 708 1968 sapientem
736 1934 814 1956 cum
841 1924 909 1956 deo
938 1923 1116 1956 conlatum
1141 1923 1255 1956 habes
1282 1924 1388 1957 etiam
1415 1934 1469 1967 ep.
1490 1930 1535 1956 111

122 1983 190 2017 135
209 1988 295 2017 extr.
330 1983 551 2027 praeiuerant
576 1982 714 2027 Cynici,
743 1983 787 2016 cf.
810 1983 886 2014 Dio
913 1981 1097 2025 Chrysost.
1125 1993 1178 2015 or.
1206 1988 1243 2015 vx
1273 1982 1313 2015 31
1344 1993 1378 2026 p.
1398 1982 1469 2016 208
1487 1983 1535 2016 R.

119 2043 180 2077 καὶ
207 2042 367 2084 μάλιστα
386 2041 552 2085 ἐμιμεῖτο
574 2041 793 2086 (Διογένης)
820 2042 899 2075 τῶν
926 2043 1024 2075 θεῶν
1050 2041 1118 2075 τὸν
1147 2039 1243 2083 βίον·
1273 2039 1439 2081 ἐκείνους
1464 2040 1536 2083 γὰρ

120 2101 260 2143 μόνους
285 2103 403 2146 φησὶν
431 2101 601 2145 Ὄμηρος
633 2100 772 2146 ῥᾳδίως
798 2102 878 2143 Ζῆν,
919 2101 970 2142 ὡς
995 2102 1074 2134 τῶν
1100 2099 1318 2143 ἀνθρώπων
1346 2099 1536 2140 ἐπιπόνως

119 2162 180 2196 καὶ
206 2163 382 2203 χαλεπῶς
408 2161 605 2203 βιούντων.
649 2161 761 2194 Stoici
788 2170 930 2203 quoque
957 2159 1216 2191 beatitudinem
1244 2168 1342 2190 suam
1370 2158 1425 2189 dis
1454 2169 1536 2190 con-

119 2220 293 2263 parabant
318 2219 380 2264 (cs.
406 2221 552 2263 Lipsius
577 2220 778 2253 manuduct.
805 2219 914 2252 11114
941 2217 1156 2261 Bernaysius
1185 2217 1229 2248 de
1256 2216 1431 2248 Heracliti
1457 2228 1491 2259 q.
1512 2217 1534 2249 s.

121 2278 283 2323 epistulis
310 2289 343 2322 p.
365 2279 432 2312 135
447 2277 529 2324 sq.),
570 2284 691 2311 notum
717 2278 809 2310 illud
835 2277 1070 2310 Horatianum
1097 2286 1153 2319 ep.
1179 2283 1192 2308 1
1223 2276 1253 2313 1,
1278 2275 1342 2308 106
1367 2274 1532 2318 ‘sapiens

120 2347 192 2369 uno
218 2337 334 2370 minor
361 2341 415 2370 est
431 2337 548 2376 Ioue’,
577 2337 619 2370 cs.
639 2337 750 2369 Arius
770 2336 944 2380 Didymus
964 2335 1112 2368 Stobaei
1131 2334 1197 2367 ecl.
1218 2333 1289 2366 eth.
1309 2344 1343 2376 p.
1357 2333 1414 2372 98,
1436 2333 1478 2366 19
1493 2352 1534 2358 -—

120 2395 178 2436 99,
193 2395 215 2428 2
229 2394 431 2434 Wachsm.;
457 2396 635 2439 Epicureo
663 2396 784 2428 colore
803 2393 950 2427 Attalus
973 2393 1114 2426 Stoicus
1133 2392 1290 2425 Senecae
1316 2402 1372 2436 ep.
1393 2393 1472 2431 110,
1493 2393 1536 2426 18

119 2452 239 2486 ‘disce
265 2464 376 2497 paruo
404 2464 484 2486 esse
511 2460 697 2487 contentus
725 2460 760 2486 et
784 2454 885 2486 illam
911 2462 1036 2485 uocem
1063 2477 1071 2485 .
1092 2478 1099 2486 .
1118 2477 1127 2486 .
1155 2451 1330 2484 exclama:
1363 2450 1536 2483 habemus

122 2522 259 2555 aquam,
284 2511 456 2545 habemus
484 2513 677 2556 polentam,
703 2513 784 2544 Ioui
810 2512 881 2555 ipsi
909 2511 1187 2544 controuersiam
1217 2511 1261 2542 de
1290 2510 1462 2543 felicitate
1489 2510 1536 2542 fa-

122 2569 272 2603 ciamus'
298 2576 332 2603 et
351 2571 399 2605 20
423 2570 533 2604 ‘nihil
561 2572 745 2605 desideres
773 2575 925 2614 oportet,
953 2570 981 2602 si
999 2570 1054 2602 uis
1075 2570 1199 2602 Iouem
1225 2579 1419 2612 prouocare
1446 2569 1536 2601 nihil

123 2629 411 2669 desiderantem’‚
458 2631 501 2664 cs.
530 2631 578 2665 id.
603 2637 741 2674 quaest.
768 2635 839 2664 nat.
865 2635 905 2663 VI
933 2628 989 2667 32,
1009 2629 1031 2662 5
1068 2627 1115 2660 ‘si
1148 2628 1312 2660 uolumus
1345 2628 1536 2670 tranquille

124 2688 255 2730 degere
282 2693 317 2720 et
341 2688 430 2732 ipsis
456 2689 512 2722 dis
539 2690 585 2722 de
611 2689 785 2722 felicitate
811 2687 1091 2721 controuersiam
1116 2685 1239 2727 agere’
1286 2686 1302 2730 ss
1350 2686 1394 2719 19
1412 2697 1464 2728 sq.
1492 2686 1537 2719 cs.

125 2746 164 2779 fr.
184 2746 256 2780 200
301 2746 307 2789 Ι
352 2746 400 2780 20
423 2747 517 2790 μήτε
546 2748 677 2791 ῥιγοῦν
704 2748 817 2780 codex
1458 2765 1528 2792 22*
