<?xml version="1.0" encoding="UTF-8"?>
<!DOCTYPE html PUBLIC "-//W3C//DTD XHTML 1.0 Transitional//EN"
    "http://www.w3.org/TR/xhtml1/DTD/xhtml1-transitional.dtd">
<html xmlns="http://www.w3.org/1999/xhtml" xml:lang="en" lang="en">
 <head>
  <title>
</title>
<meta http-equiv="Content-Type" content="text/html;charset=utf-8" />
  <meta name='ocr-system' content='tesseract 3.04.00' />
  <meta name='ocr-capabilities' content='ocr_page ocr_carea ocr_par ocr_line ocrx_word'/>
</head>
<body>
  <div class='ocr_page' id='page_1' title='image "./epicvreaedidithe00epicuoft/epicvreaedidithe00epicuoft_0337.png"; bbox 0 0 1842 3250; ppageno 0'>
   <div class='ocr_carea' id='block_1_1' title="bbox 139 915 171 941">
    <p class='ocr_par' dir='ltr' id='par_1_1' title="bbox 139 915 171 941">
     <span class='ocr_line' id='line_1_1' title="bbox 139 915 171 941; baseline 0.063 -2"><span class='ocrx_word' id='word_1_1' title='bbox 139 915 171 941; x_wconf 75' lang='lat'>10</span> 
     </span>
    </p>
   </div>
   <div class='ocr_carea' id='block_1_2' title="bbox 140 1237 172 1264">
    <p class='ocr_par' dir='ltr' id='par_1_2' title="bbox 140 1237 172 1264">
     <span class='ocr_line' id='line_1_2' title="bbox 140 1237 172 1264; baseline 0.031 -1"><span class='ocrx_word' id='word_1_2' title='bbox 140 1237 172 1264; x_wconf 79' lang='lat'>15</span> 
     </span>
    </p>
   </div>
   <div class='ocr_carea' id='block_1_3' title="bbox 102 1508 172 1611">
    <p class='ocr_par' dir='ltr' id='par_1_3' title="bbox 102 1508 172 1611">
     <span class='ocr_line' id='line_1_3' title="bbox 102 1508 170 1543; baseline 0.029 -2"><span class='ocrx_word' id='word_1_3' title='bbox 102 1508 170 1543; x_wconf 82' lang='lat'>375</span> 
     </span>
     <span class='ocr_line' id='line_1_4' title="bbox 138 1585 172 1611; baseline 0.059 -2"><span class='ocrx_word' id='word_1_4' title='bbox 138 1585 172 1611; x_wconf 87' lang='lat'>20</span> 
     </span>
    </p>
   </div>
   <div class='ocr_carea' id='block_1_4' title="bbox 102 1652 172 1687">
    <p class='ocr_par' dir='ltr' id='par_1_4' title="bbox 102 1652 172 1687">
     <span class='ocr_line' id='line_1_5' title="bbox 102 1652 172 1687; baseline 0 0"><span class='ocrx_word' id='word_1_5' title='bbox 102 1652 172 1687; x_wconf 80' lang='lat'>376</span> 
     </span>
    </p>
   </div>
   <div class='ocr_carea' id='block_1_5' title="bbox 138 1919 172 1945">
    <p class='ocr_par' dir='ltr' id='par_1_5' title="bbox 138 1919 172 1945">
     <span class='ocr_line' id='line_1_6' title="bbox 138 1919 172 1945; baseline 0.059 -2"><span class='ocrx_word' id='word_1_6' title='bbox 138 1919 172 1945; x_wconf 78' lang='lat'>⁴25</span> 
     </span>
    </p>
   </div>
   <div class='ocr_carea' id='block_1_6' title="bbox 680 213 1610 248">
    <p class='ocr_par' dir='ltr' id='par_1_6' title="bbox 680 213 1610 248">
     <span class='ocr_line' id='line_1_7' title="bbox 680 213 1610 248; baseline 0.003 -3"><span class='ocrx_word' id='word_1_7' title='bbox 680 213 885 246; x_wconf 86' lang='lat' dir='ltr'>EPICVRI</span> <span class='ocrx_word' id='word_1_8' title='bbox 911 214 978 245; x_wconf 88' lang='lat' dir='ltr'>PH</span> <span class='ocrx_word' id='word_1_9' title='bbox 982 213 1129 246; x_wconf 83' lang='lat' dir='ltr'><strong>YSICA</strong></span> <span class='ocrx_word' id='word_1_10' title='bbox 1541 214 1610 248; x_wconf 84' lang='lat'>253</span> 
     </span>
    </p>
   </div>
   <div class='ocr_carea' id='block_1_7' title="bbox 193 326 1615 1457">
    <p class='ocr_par' dir='ltr' id='par_1_7' title="bbox 193 326 1615 1457">
     <span class='ocr_line' id='line_1_8' title="bbox 196 326 1614 371; baseline 0.001 -12"><span class='ocrx_word' id='word_1_11' title='bbox 196 327 327 359; x_wconf 83' lang='lat' dir='ltr'>animal</span> <span class='ocrx_word' id='word_1_12' title='bbox 352 337 425 358; x_wconf 90' lang='lat' dir='ltr'>non</span> <span class='ocrx_word' id='word_1_13' title='bbox 452 336 623 359; x_wconf 79' lang='lat' dir='ltr'>essemus.</span> <span class='ocrx_word' id='word_1_14' title='bbox 676 327 774 370; x_wconf 84' lang='lat' dir='ltr'>quod</span> <span class='ocrx_word' id='word_1_15' title='bbox 802 326 832 359; x_wconf 84' lang='lat' dir='ltr'>si</span> <span class='ocrx_word' id='word_1_16' title='bbox 859 327 946 359; x_wconf 89' lang='lat' dir='ltr'>haec</span> <span class='ocrx_word' id='word_1_17' title='bbox 974 327 1063 359; x_wconf 84' lang='lat' dir='ltr'>ratio</span> <span class='ocrx_word' id='word_1_18' title='bbox 1090 337 1173 360; x_wconf 85' lang='lat' dir='ltr'>uera</span> <span class='ocrx_word' id='word_1_19' title='bbox 1200 332 1253 360; x_wconf 86' lang='lat' dir='ltr'>est</span> <span class='ocrx_word' id='word_1_20' title='bbox 1281 337 1384 370; x_wconf 88' lang='lat' dir='ltr'>quam</span> <span class='ocrx_word' id='word_1_21' title='bbox 1411 327 1524 361; x_wconf 87' lang='lat' dir='ltr'>Stoici</span> <span class='ocrx_word' id='word_1_22' title='bbox 1552 339 1614 371; x_wconf 89' lang='lat' dir='ltr'>po-</span> 
     </span>
     <span class='ocr_line' id='line_1_9' title="bbox 194 390 1613 437; baseline 0.001 -13"><span class='ocrx_word' id='word_1_23' title='bbox 194 395 351 429; x_wconf 84' lang='lat' dir='ltr'>suerunt,</span> <span class='ocrx_word' id='word_1_24' title='bbox 378 390 590 423; x_wconf 86' lang='lat' dir='ltr'>dissoluitur</span> <span class='ocrx_word' id='word_1_25' title='bbox 614 390 722 423; x_wconf 87' lang='lat' dir='ltr'>etiam</span> <span class='ocrx_word' id='word_1_26' title='bbox 746 396 991 432; x_wconf 83' lang='lat' dir='ltr'><strong>argumentum</strong></span> <span class='ocrx_word' id='word_1_27' title='bbox 1017 391 1109 423; x_wconf 80' lang='lat' dir='ltr'>illud</span> <span class='ocrx_word' id='word_1_28' title='bbox 1135 391 1311 434; x_wconf 46' lang='lat' dir='ltr'>Epicuris</span> <span class='ocrx_word' id='word_1_29' title='bbox 1335 392 1460 431; x_wconf 80' lang='lat' dir='ltr'>deus,</span> <span class='ocrx_word' id='word_1_30' title='bbox 1486 394 1613 437; x_wconf 85' lang='lat' dir='ltr'>inquit,</span> 
     </span>
     <span class='ocr_line' id='line_1_10' title="bbox 195 454 1614 500; baseline 0.004 -13"><span class='ocrx_word' id='word_1_31' title='bbox 195 458 267 487; x_wconf 78' lang='lat' dir='ltr'>aut</span> <span class='ocrx_word' id='word_1_32' title='bbox 301 454 397 487; x_wconf 90' lang='lat' dir='ltr'>uult</span> <span class='ocrx_word' id='word_1_33' title='bbox 439 455 607 488; x_wconf 90' lang='lat' dir='ltr'>tollere</span> <span class='ocrx_word' id='word_1_34' title='bbox 642 455 754 489; x_wconf 81' lang='lat' dir='ltr'>mala</span> <span class='ocrx_word' id='word_1_35' title='bbox 783 461 825 488; x_wconf 80' lang='lat' dir='ltr'>et</span> <span class='ocrx_word' id='word_1_36' title='bbox 850 467 935 489; x_wconf 83' lang='lat' dir='ltr'>non</span> <span class='ocrx_word' id='word_1_37' title='bbox 960 461 1127 500; x_wconf 86' lang='lat' dir='ltr'>potest,</span> <span class='ocrx_word' id='word_1_38' title='bbox 1168 462 1239 489; x_wconf 87' lang='lat' dir='ltr'>aut</span> <span class='ocrx_word' id='word_1_39' title='bbox 1272 462 1421 500; x_wconf 87' lang='lat' dir='ltr'>potest</span> <span class='ocrx_word' id='word_1_40' title='bbox 1455 464 1497 490; x_wconf 86' lang='lat' dir='ltr'>et</span> <span class='ocrx_word' id='word_1_41' title='bbox 1528 469 1614 492; x_wconf 85' lang='lat' dir='ltr'>non</span> 
     </span>
     <span class='ocr_line' id='line_1_11' title="bbox 194 514 1614 566; baseline 0.003 -14"><span class='ocrx_word' id='word_1_42' title='bbox 194 514 308 559; x_wconf 84' lang='lat' dir='ltr'>uult,</span> <span class='ocrx_word' id='word_1_43' title='bbox 343 524 413 552; x_wconf 84' lang='lat' dir='ltr'>aut</span> <span class='ocrx_word' id='word_1_44' title='bbox 440 529 583 563; x_wconf 87' lang='lat' dir='ltr'>neque</span> <span class='ocrx_word' id='word_1_45' title='bbox 608 520 705 553; x_wconf 88' lang='lat' dir='ltr'>uult</span> <span class='ocrx_word' id='word_1_46' title='bbox 732 530 871 564; x_wconf 86' lang='lat' dir='ltr'>neque</span> <span class='ocrx_word' id='word_1_47' title='bbox 896 526 1065 564; x_wconf 84' lang='lat' dir='ltr'>potest,</span> <span class='ocrx_word' id='word_1_48' title='bbox 1107 526 1177 556; x_wconf 81' lang='lat' dir='ltr'>aut</span> <span class='ocrx_word' id='word_1_49' title='bbox 1203 527 1243 554; x_wconf 88' lang='lat' dir='ltr'>et</span> <span class='ocrx_word' id='word_1_50' title='bbox 1268 523 1365 554; x_wconf 69' lang='lat' dir='ltr'>uuit</span> <span class='ocrx_word' id='word_1_51' title='bbox 1387 528 1426 556; x_wconf 89' lang='lat' dir='ltr'>et</span> <span class='ocrx_word' id='word_1_52' title='bbox 1452 527 1614 566; x_wconf 84' lang='lat' dir='ltr'>potest.</span> 
     </span>
     <span class='ocr_line' id='line_1_12' title="bbox 194 585 1614 629; baseline 0.002 -11"><span class='ocrx_word' id='word_1_53' title='bbox 194 585 229 619; x_wconf 87' lang='lat' dir='ltr'>si</span> <span class='ocrx_word' id='word_1_54' title='bbox 259 585 353 618; x_wconf 86' lang='lat' dir='ltr'>uult</span> <span class='ocrx_word' id='word_1_55' title='bbox 381 590 422 617; x_wconf 89' lang='lat' dir='ltr'>et</span> <span class='ocrx_word' id='word_1_56' title='bbox 449 595 535 617; x_wconf 83' lang='lat' dir='ltr'>non</span> <span class='ocrx_word' id='word_1_57' title='bbox 559 589 730 628; x_wconf 84' lang='lat' dir='ltr'>potest,</span> <span class='ocrx_word' id='word_1_58' title='bbox 771 585 1010 619; x_wconf 80' lang='lat' dir='ltr'><strong>inbecillis</strong></span> <span class='ocrx_word' id='word_1_59' title='bbox 1043 591 1126 624; x_wconf 90' lang='lat' dir='ltr'>est,</span> <span class='ocrx_word' id='word_1_60' title='bbox 1165 587 1280 629; x_wconf 84' lang='lat' dir='ltr'>quod</span> <span class='ocrx_word' id='word_1_61' title='bbox 1306 587 1347 619; x_wconf 88' lang='lat' dir='ltr'>in</span> <span class='ocrx_word' id='word_1_62' title='bbox 1374 588 1498 621; x_wconf 87' lang='lat' dir='ltr'>deum</span> <span class='ocrx_word' id='word_1_63' title='bbox 1529 598 1614 621; x_wconf 84' lang='lat' dir='ltr'>non</span> 
     </span>
     <span class='ocr_line' id='line_1_13' title="bbox 195 650 1613 695; baseline 0.002 -14"><span class='ocrx_word' id='word_1_64' title='bbox 195 650 324 683; x_wconf 77' lang='lat' dir='ltr'>cadit.</span> <span class='ocrx_word' id='word_1_65' title='bbox 377 650 415 681; x_wconf 79' lang='lat' dir='ltr'>si</span> <span class='ocrx_word' id='word_1_66' title='bbox 440 654 589 693; x_wconf 82' lang='lat' dir='ltr'>potest</span> <span class='ocrx_word' id='word_1_67' title='bbox 615 655 655 682; x_wconf 88' lang='lat' dir='ltr'>et</span> <span class='ocrx_word' id='word_1_68' title='bbox 680 659 764 683; x_wconf 87' lang='lat' dir='ltr'>non</span> <span class='ocrx_word' id='word_1_69' title='bbox 790 650 905 689; x_wconf 82' lang='lat' dir='ltr'>uult,</span> <span class='ocrx_word' id='word_1_70' title='bbox 944 650 1145 690; x_wconf 85' lang='lat' dir='ltr'>inuidus,</span> <span class='ocrx_word' id='word_1_71' title='bbox 1185 652 1303 694; x_wconf 87' lang='lat' dir='ltr'>quod</span> <span class='ocrx_word' id='word_1_72' title='bbox 1338 662 1477 695; x_wconf 78' lang='lat' dir='ltr'>aeque</span> <span class='ocrx_word' id='word_1_73' title='bbox 1505 651 1613 684; x_wconf 86' lang='lat' dir='ltr'>alie-</span> 
     </span>
     <span class='ocr_line' id='line_1_14' title="bbox 194 714 1615 759; baseline 0.002 -13"><span class='ocrx_word' id='word_1_74' title='bbox 194 724 288 746; x_wconf 88' lang='lat' dir='ltr'>num</span> <span class='ocrx_word' id='word_1_75' title='bbox 314 725 338 747; x_wconf 76' lang='lat' dir='ltr'>a</span> <span class='ocrx_word' id='word_1_76' title='bbox 359 714 452 747; x_wconf 84' lang='lat' dir='ltr'>deo.</span> <span class='ocrx_word' id='word_1_77' title='bbox 495 715 697 758; x_wconf 80' lang='lat' dir='ltr'>sineque</span> <span class='ocrx_word' id='word_1_78' title='bbox 725 714 823 748; x_wconf 81' lang='lat' dir='ltr'>uult</span> <span class='ocrx_word' id='word_1_79' title='bbox 850 725 989 758; x_wconf 84' lang='lat' dir='ltr'>neque</span> <span class='ocrx_word' id='word_1_80' title='bbox 1015 720 1181 759; x_wconf 85' lang='lat' dir='ltr'>potest,</span> <span class='ocrx_word' id='word_1_81' title='bbox 1209 720 1250 748; x_wconf 85' lang='lat' dir='ltr'>et</span> <span class='ocrx_word' id='word_1_82' title='bbox 1276 716 1459 749; x_wconf 80' lang='lat' dir='ltr'>inuidus</span> <span class='ocrx_word' id='word_1_83' title='bbox 1486 722 1528 749; x_wconf 86' lang='lat' dir='ltr'>et</span> <span class='ocrx_word' id='word_1_84' title='bbox 1551 717 1615 749; x_wconf 83' lang='lat' dir='ltr'>in-</span> 
     </span>
     <span class='ocr_line' id='line_1_15' title="bbox 193 777 1614 825; baseline 0.001 -14"><span class='ocrx_word' id='word_1_85' title='bbox 193 777 374 811; x_wconf 75' lang='lat' dir='ltr'>becinis</span> <span class='ocrx_word' id='word_1_86' title='bbox 417 784 496 818; x_wconf 84' lang='lat' dir='ltr'>est,</span> <span class='ocrx_word' id='word_1_87' title='bbox 535 779 637 813; x_wconf 87' lang='lat' dir='ltr'>ideo</span> <span class='ocrx_word' id='word_1_88' title='bbox 675 789 753 812; x_wconf 90' lang='lat' dir='ltr'>nec</span> <span class='ocrx_word' id='word_1_89' title='bbox 788 780 909 814; x_wconf 85' lang='lat' dir='ltr'>deus.</span> <span class='ocrx_word' id='word_1_90' title='bbox 961 780 996 812; x_wconf 85' lang='lat' dir='ltr'>si</span> <span class='ocrx_word' id='word_1_91' title='bbox 1024 785 1063 813; x_wconf 86' lang='lat' dir='ltr'>et</span> <span class='ocrx_word' id='word_1_92' title='bbox 1093 780 1188 812; x_wconf 86' lang='lat' dir='ltr'>uult</span> <span class='ocrx_word' id='word_1_93' title='bbox 1220 786 1262 814; x_wconf 87' lang='lat' dir='ltr'>et</span> <span class='ocrx_word' id='word_1_94' title='bbox 1292 786 1459 824; x_wconf 85' lang='lat' dir='ltr'>potest,</span> <span class='ocrx_word' id='word_1_95' title='bbox 1495 781 1614 825; x_wconf 86' lang='lat' dir='ltr'>quod</span> 
     </span>
     <span class='ocr_line' id='line_1_16' title="bbox 194 841 1614 884; baseline 0.001 -10"><span class='ocrx_word' id='word_1_96' title='bbox 194 841 333 876; x_wconf 80' lang='lat' dir='ltr'>solum</span> <span class='ocrx_word' id='word_1_97' title='bbox 361 844 444 875; x_wconf 85' lang='lat' dir='ltr'>deo</span> <span class='ocrx_word' id='word_1_98' title='bbox 472 842 699 880; x_wconf 80' lang='lat' dir='ltr'>conuenit,</span> <span class='ocrx_word' id='word_1_99' title='bbox 741 843 857 875; x_wconf 84' lang='lat' dir='ltr'>unde</span> <span class='ocrx_word' id='word_1_100' title='bbox 891 853 998 884; x_wconf 82' lang='lat' dir='ltr'>ergo</span> <span class='ocrx_word' id='word_1_101' title='bbox 1032 848 1130 875; x_wconf 86' lang='lat' dir='ltr'>sunt</span> <span class='ocrx_word' id='word_1_102' title='bbox 1161 842 1296 876; x_wconf 85' lang='lat' dir='ltr'>mala?</span> <span class='ocrx_word' id='word_1_103' title='bbox 1338 849 1408 875; x_wconf 85' lang='lat' dir='ltr'>aut</span> <span class='ocrx_word' id='word_1_104' title='bbox 1435 852 1506 875; x_wconf 83' lang='lat' dir='ltr'>cur</span> <span class='ocrx_word' id='word_1_105' title='bbox 1532 843 1614 875; x_wconf 80' lang='lat' dir='ltr'>illa</span> 
     </span>
     <span class='ocr_line' id='line_1_17' title="bbox 194 895 1614 952; baseline 0 -12"><span class='ocrx_word' id='word_1_106' title='bbox 194 916 278 940; x_wconf 84' lang='lat' dir='ltr'>non</span> <span class='ocrx_word' id='word_1_107' title='bbox 309 904 466 938; x_wconf 75' lang='lat' dir='ltr'>tollit?</span> <span class='ocrx_word' id='word_1_108' title='bbox 517 906 592 939; x_wconf 89' lang='lat' dir='ltr'>scio</span> <span class='ocrx_word' id='word_1_109' title='bbox 625 907 820 951; x_wconf 84' lang='lat' dir='ltr'>plerosque</span> <span class='ocrx_word' id='word_1_110' title='bbox 846 907 1147 952; x_wconf 84' lang='lat' dir='ltr'>philosophorum</span> <span class='ocrx_word' id='word_1_111' title='bbox 1178 908 1241 951; x_wconf 86' lang='lat' dir='ltr'>qui</span> <span class='ocrx_word' id='word_1_112' title='bbox 1266 895 1532 952; x_wconf 21' lang='lat' dir='ltr'>prouidentiam*</span> <span class='ocrx_word' id='word_1_113' title='bbox 1554 907 1614 940; x_wconf 89' lang='lat' dir='ltr'>de-</span> 
     </span>
     <span class='ocr_line' id='line_1_18' title="bbox 194 970 1615 1015; baseline 0.001 -12"><span class='ocrx_word' id='word_1_114' title='bbox 194 971 354 1010; x_wconf 71' lang='lat' dir='ltr'>rendunt,</span> <span class='ocrx_word' id='word_1_115' title='bbox 380 970 450 1003; x_wconf 84' lang='lat' dir='ltr'>hoc</span> <span class='ocrx_word' id='word_1_116' title='bbox 478 977 684 1013; x_wconf 83' lang='lat' dir='ltr'>argumento</span> <span class='ocrx_word' id='word_1_117' title='bbox 711 971 910 1014; x_wconf 84' lang='lat' dir='ltr'>perturbari</span> <span class='ocrx_word' id='word_1_118' title='bbox 937 972 1054 1004; x_wconf 81' lang='lat' dir='ltr'>solere</span> <span class='ocrx_word' id='word_1_119' title='bbox 1082 978 1118 1005; x_wconf 88' lang='lat' dir='ltr'>et</span> <span class='ocrx_word' id='word_1_120' title='bbox 1143 972 1276 1005; x_wconf 83' lang='lat' dir='ltr'>inuitos</span> <span class='ocrx_word' id='word_1_121' title='bbox 1300 982 1415 1015; x_wconf 85' lang='lat' dir='ltr'>paene</span> <span class='ocrx_word' id='word_1_122' title='bbox 1441 972 1549 1014; x_wconf 84' lang='lat' dir='ltr'>adigi,</span> <span class='ocrx_word' id='word_1_123' title='bbox 1576 978 1615 1005; x_wconf 82' lang='lat' dir='ltr'>ut</span> 
     </span>
     <span class='ocr_line' id='line_1_19' title="bbox 195 1034 1612 1080; baseline 0 -11"><span class='ocrx_word' id='word_1_124' title='bbox 195 1035 300 1069; x_wconf 87' lang='lat' dir='ltr'>deum</span> <span class='ocrx_word' id='word_1_125' title='bbox 331 1034 422 1068; x_wconf 75' lang='lat' dir='ltr'>nihil.</span> <span class='ocrx_word' id='word_1_126' title='bbox 455 1046 575 1068; x_wconf 86' lang='lat' dir='ltr'>curare</span> <span class='ocrx_word' id='word_1_127' title='bbox 610 1036 795 1075; x_wconf 77' lang='lat' dir='ltr'>fateantur,</span> <span class='ocrx_word' id='word_1_128' title='bbox 835 1037 933 1080; x_wconf 91' lang='lat' dir='ltr'>quod</span> <span class='ocrx_word' id='word_1_129' title='bbox 963 1037 1113 1070; x_wconf 84' lang='lat' dir='ltr'>maxime</span> <span class='ocrx_word' id='word_1_130' title='bbox 1146 1037 1284 1080; x_wconf 83' lang='lat' dir='ltr'>quaerit</span> <span class='ocrx_word' id='word_1_131' title='bbox 1308 1037 1496 1080; x_wconf 81' lang='lat' dir='ltr'>Epicurus,</span> <span class='ocrx_word' id='word_1_132' title='bbox 1549 1037 1612 1069; x_wconf 90' lang='lat' dir='ltr'>sed</span> 
     </span>
     <span class='ocr_line' id='line_1_20' title="bbox 194 1100 1613 1144; baseline 0.001 -12"><span class='ocrx_word' id='word_1_133' title='bbox 194 1110 261 1133; x_wconf 85' lang='lat' dir='ltr'>nos</span> <span class='ocrx_word' id='word_1_134' title='bbox 288 1100 426 1133; x_wconf 84' lang='lat' dir='ltr'>ratione</span> <span class='ocrx_word' id='word_1_135' title='bbox 458 1106 644 1144; x_wconf 79' lang='lat' dir='ltr'>perspecta</span> <span class='ocrx_word' id='word_1_136' title='bbox 678 1101 956 1134; x_wconf 83' lang='lat' dir='ltr'>formidulosum</span> <span class='ocrx_word' id='word_1_137' title='bbox 987 1102 1057 1134; x_wconf 87' lang='lat' dir='ltr'>hoc</span> <span class='ocrx_word' id='word_1_138' title='bbox 1088 1107 1332 1143; x_wconf 74' lang='lat' dir='ltr'><strong>argumentum</strong></span> <span class='ocrx_word' id='word_1_139' title='bbox 1366 1101 1470 1134; x_wconf 85' lang='lat' dir='ltr'>facile</span> <span class='ocrx_word' id='word_1_140' title='bbox 1498 1101 1613 1134; x_wconf 79' lang='lat' dir='ltr'>disso-</span> 
     </span>
     <span class='ocr_line' id='line_1_21' title="bbox 193 1165 1614 1210; baseline 0.001 -13"><span class='ocrx_word' id='word_1_141' title='bbox 193 1165 326 1197; x_wconf 81' lang='lat' dir='ltr'>luimus</span> <span class='ocrx_word' id='word_1_142' title='bbox 353 1190 473 1199; x_wconf 86' lang='grc'><strong>.....</strong></span> <span class='ocrx_word' id='word_1_143' title='bbox 500 1165 621 1208; x_wconf 83' lang='lat' dir='ltr'>itaque</span> <span class='ocrx_word' id='word_1_144' title='bbox 645 1165 715 1198; x_wconf 84' lang='lat' dir='ltr'>nisi</span> <span class='ocrx_word' id='word_1_145' title='bbox 740 1166 838 1209; x_wconf 84' lang='lat' dir='ltr'>prius</span> <span class='ocrx_word' id='word_1_146' title='bbox 865 1166 996 1198; x_wconf 79' lang='lat' dir='ltr'>malum</span> <span class='ocrx_word' id='word_1_147' title='bbox 1021 1167 1282 1208; x_wconf 84' lang='lat' dir='ltr'>agnouerimus,</span> <span class='ocrx_word' id='word_1_148' title='bbox 1309 1176 1375 1198; x_wconf 88' lang='lat' dir='ltr'>nec</span> <span class='ocrx_word' id='word_1_149' title='bbox 1399 1167 1532 1199; x_wconf 87' lang='lat' dir='ltr'>bonum</span> <span class='ocrx_word' id='word_1_150' title='bbox 1550 1177 1614 1210; x_wconf 89' lang='lat' dir='ltr'>po-</span> 
     </span>
     <span class='ocr_line' id='line_1_22' title="bbox 194 1230 1613 1274; baseline 0.001 -13"><span class='ocrx_word' id='word_1_151' title='bbox 194 1230 339 1262; x_wconf 85' lang='lat' dir='ltr'><strong>terimus</strong></span> <span class='ocrx_word' id='word_1_152' title='bbox 368 1239 574 1271; x_wconf 81' lang='lat' dir='ltr'><strong>agnoscere.</strong></span> <span class='ocrx_word' id='word_1_153' title='bbox 600 1231 665 1262; x_wconf 80' lang='lat' dir='ltr'>sed</span> <span class='ocrx_word' id='word_1_154' title='bbox 690 1230 759 1261; x_wconf 71' lang='lat' dir='ltr'>hoc,</span> <span class='ocrx_word' id='word_1_155' title='bbox 786 1241 857 1262; x_wconf 86' lang='lat' dir='ltr'>non</span> <span class='ocrx_word' id='word_1_156' title='bbox 884 1231 975 1263; x_wconf 87' lang='lat' dir='ltr'>uidit</span> <span class='ocrx_word' id='word_1_157' title='bbox 1000 1231 1176 1273; x_wconf 82' lang='lat' dir='ltr'>Epicurus</span> <span class='ocrx_word' id='word_1_158' title='bbox 1203 1241 1268 1263; x_wconf 88' lang='lat' dir='ltr'>nec</span> <span class='ocrx_word' id='word_1_159' title='bbox 1294 1230 1386 1263; x_wconf 80' lang='lat' dir='ltr'>alins</span> <span class='ocrx_word' id='word_1_160' title='bbox 1414 1231 1613 1274; x_wconf 86' lang='lat' dir='ltr'>quisquam,</span> 
     </span>
     <span class='ocr_line' id='line_1_23' title="bbox 196 1293 1613 1338; baseline 0.001 -13"><span class='ocrx_word' id='word_1_161' title='bbox 196 1294 226 1326; x_wconf 78' lang='lat' dir='ltr'>si</span> <span class='ocrx_word' id='word_1_162' title='bbox 251 1293 424 1326; x_wconf 83' lang='lat' dir='ltr'>tollantur</span> <span class='ocrx_word' id='word_1_163' title='bbox 453 1293 558 1332; x_wconf 83' lang='lat' dir='ltr'>mala,</span> <span class='ocrx_word' id='word_1_164' title='bbox 597 1294 680 1327; x_wconf 86' lang='lat' dir='ltr'>tolli</span> <span class='ocrx_word' id='word_1_165' title='bbox 712 1294 843 1337; x_wconf 85' lang='lat' dir='ltr'>pariter</span> <span class='ocrx_word' id='word_1_166' title='bbox 876 1295 1085 1338; x_wconf 75' lang='lat' dir='ltr'>sapientiam</span> <span class='ocrx_word' id='word_1_167' title='bbox 1117 1305 1182 1327; x_wconf 88' lang='lat' dir='ltr'>nec</span> <span class='ocrx_word' id='word_1_168' title='bbox 1208 1295 1283 1327; x_wconf 80' lang='lat' dir='ltr'>ulla</span> <span class='ocrx_word' id='word_1_169' title='bbox 1308 1295 1345 1328; x_wconf 87' lang='lat' dir='ltr'>in</span> <span class='ocrx_word' id='word_1_170' title='bbox 1372 1294 1518 1328; x_wconf 86' lang='lat' dir='ltr'>homine</span> <span class='ocrx_word' id='word_1_171' title='bbox 1543 1294 1613 1327; x_wconf 85' lang='lat' dir='ltr'>uir-</span> 
     </span>
     <span class='ocr_line' id='line_1_24' title="bbox 195 1358 1613 1403; baseline 0.002 -13"><span class='ocrx_word' id='word_1_172' title='bbox 195 1358 279 1390; x_wconf 81' lang='lat' dir='ltr'>tutis</span> <span class='ocrx_word' id='word_1_173' title='bbox 305 1368 489 1391; x_wconf 87' lang='lat' dir='ltr'>remanere</span> <span class='ocrx_word' id='word_1_174' title='bbox 515 1358 679 1400; x_wconf 84' lang='lat' dir='ltr'>uestigia,</span> <span class='ocrx_word' id='word_1_175' title='bbox 708 1360 808 1391; x_wconf 82' lang='lat' dir='ltr'>cuius</span> <span class='ocrx_word' id='word_1_176' title='bbox 839 1360 928 1392; x_wconf 81' lang='lat' dir='ltr'>ratio</span> <span class='ocrx_word' id='word_1_177' title='bbox 961 1360 997 1392; x_wconf 90' lang='lat' dir='ltr'>in</span> <span class='ocrx_word' id='word_1_178' title='bbox 1025 1360 1234 1392; x_wconf 78' lang='lat' dir='ltr'>sustinenda</span> <span class='ocrx_word' id='word_1_179' title='bbox 1261 1365 1295 1392; x_wconf 90' lang='lat' dir='ltr'>et</span> <span class='ocrx_word' id='word_1_180' title='bbox 1322 1360 1522 1403; x_wconf 82' lang='lat' dir='ltr'>superanda</span> <span class='ocrx_word' id='word_1_181' title='bbox 1544 1371 1613 1393; x_wconf 90' lang='lat' dir='ltr'>ma-</span> 
     </span>
     <span class='ocr_line' id='line_1_25' title="bbox 194 1422 748 1457; baseline 0.005 -3"><span class='ocrx_word' id='word_1_182' title='bbox 194 1422 310 1455; x_wconf 85' lang='lat' dir='ltr'>lorum</span> <span class='ocrx_word' id='word_1_183' title='bbox 336 1423 528 1457; x_wconf 82' lang='lat' dir='ltr'>acerbitate</span> <span class='ocrx_word' id='word_1_184' title='bbox 555 1424 719 1456; x_wconf 82' lang='lat' dir='ltr'>consistit</span> <span class='ocrx_word' id='word_1_185' title='bbox 729 1423 748 1457; x_wconf 86' lang='lat'>&#39;.</span> 
     </span>
    </p>
   </div>
   <div class='ocr_carea' id='block_1_8' title="bbox 197 1505 1612 1614">
    <p class='ocr_par' dir='ltr' id='par_1_8' title="bbox 197 1505 1612 1614">
     <span class='ocr_line' id='line_1_26' title="bbox 317 1505 1612 1550; baseline 0.002 -11"><span class='ocrx_word' id='word_1_186' title='bbox 317 1505 465 1539; x_wconf 74' lang='lat' dir='ltr'>AETlvs</span> <span class='ocrx_word' id='word_1_187' title='bbox 491 1512 506 1538; x_wconf 89' lang='lat'>1</span> <span class='ocrx_word' id='word_1_188' title='bbox 531 1506 589 1544; x_wconf 84' lang='lat'>29,</span> <span class='ocrx_word' id='word_1_189' title='bbox 609 1506 629 1540; x_wconf 82' lang='lat'>5</span> <span class='ocrx_word' id='word_1_190' title='bbox 656 1517 690 1549; x_wconf 92' lang='lat' dir='ltr'>p.</span> <span class='ocrx_word' id='word_1_191' title='bbox 710 1505 790 1543; x_wconf 83' lang='lat'><strong>326,</strong></span> <span class='ocrx_word' id='word_1_192' title='bbox 811 1505 830 1539; x_wconf 84' lang='lat'><strong>3</strong></span> <span class='ocrx_word' id='word_1_193' title='bbox 849 1506 892 1539; x_wconf 94' lang='lat' dir='ltr'>D.</span> <span class='ocrx_word' id='word_1_194' title='bbox 912 1505 1029 1549; x_wconf 86' lang='lat' dir='ltr'>(Stob.</span> <span class='ocrx_word' id='word_1_195' title='bbox 1050 1506 1116 1538; x_wconf 87' lang='lat' dir='ltr'>ecl.</span> <span class='ocrx_word' id='word_1_196' title='bbox 1135 1506 1238 1550; x_wconf 88' lang='lat' dir='ltr'>phys.</span> <span class='ocrx_word' id='word_1_197' title='bbox 1256 1506 1291 1545; x_wconf 77' lang='lat'>6,</span> <span class='ocrx_word' id='word_1_198' title='bbox 1311 1505 1369 1549; x_wconf 79' lang='lat'>17)</span> <span class='ocrx_word' id='word_1_199' title='bbox 1394 1505 1612 1550; x_wconf 79' lang='grc' dir='ltr'>Ἐπίκουρος</span> 
     </span>
     <span class='ocr_line' id='line_1_27' title="bbox 197 1567 1575 1614; baseline 0.002 -11"><span class='ocrx_word' id='word_1_200' title='bbox 197 1567 368 1614; x_wconf 79' lang='grc' dir='ltr'>&lt;πάντα&gt;</span> <span class='ocrx_word' id='word_1_201' title='bbox 396 1570 477 1605; x_wconf 80' lang='grc' dir='ltr'><strong><em>κατ’</em></strong></span> <span class='ocrx_word' id='word_1_202' title='bbox 506 1569 687 1613; x_wconf 80' lang='grc' dir='ltr'>ἀνάγκην,</span> <span class='ocrx_word' id='word_1_203' title='bbox 716 1570 811 1605; x_wconf 86' lang='grc' dir='ltr'>κατὰ</span> <span class='ocrx_word' id='word_1_204' title='bbox 838 1569 1069 1614; x_wconf 79' lang='grc' dir='ltr'>προαίρεσιν,</span> <span class='ocrx_word' id='word_1_205' title='bbox 1097 1570 1192 1605; x_wconf 86' lang='grc' dir='ltr'>κατὰ</span> <span class='ocrx_word' id='word_1_206' title='bbox 1217 1570 1337 1614; x_wconf 85' lang='grc' dir='ltr'><strong>τύχην</strong></span> <span class='ocrx_word' id='word_1_207' title='bbox 1364 1569 1575 1614; x_wconf 79' lang='grc' dir='ltr'>(γίνεσθαι).</span> 
     </span>
    </p>
   </div>
   <div class='ocr_carea' id='block_1_9' title="bbox 194 1649 1615 2535">
    <p class='ocr_par' dir='ltr' id='par_1_9' title="bbox 194 1649 1615 2535">
     <span class='ocr_line' id='line_1_28' title="bbox 316 1649 1614 1696; baseline 0.001 -12"><span class='ocrx_word' id='word_1_208' title='bbox 316 1649 460 1685; x_wconf 71' lang='lat' dir='ltr'>Clcmzo</span> <span class='ocrx_word' id='word_1_209' title='bbox 493 1650 638 1685; x_wconf 83' lang='lat' dir='ltr'>Luculli</span> <span class='ocrx_word' id='word_1_210' title='bbox 666 1661 694 1684; x_wconf 93' lang='lat' dir='ltr'>c.</span> <span class='ocrx_word' id='word_1_211' title='bbox 722 1652 780 1692; x_wconf 82' lang='lat'>30,</span> <span class='ocrx_word' id='word_1_212' title='bbox 806 1652 852 1684; x_wconf 81' lang='lat'>97</span> <span class='ocrx_word' id='word_1_213' title='bbox 894 1651 992 1684; x_wconf 82' lang='lat' dir='ltr'>‘cum</span> <span class='ocrx_word' id='word_1_214' title='bbox 1026 1652 1070 1684; x_wconf 85' lang='lat' dir='ltr'>ab</span> <span class='ocrx_word' id='word_1_215' title='bbox 1102 1653 1272 1696; x_wconf 80' lang='lat' dir='ltr'>Epicuro,</span> <span class='ocrx_word' id='word_1_216' title='bbox 1305 1653 1367 1696; x_wconf 86' lang='lat' dir='ltr'>qui</span> <span class='ocrx_word' id='word_1_217' title='bbox 1398 1657 1507 1686; x_wconf 83' lang='lat' dir='ltr'>totam</span> <span class='ocrx_word' id='word_1_218' title='bbox 1541 1653 1614 1685; x_wconf 85' lang='lat' dir='ltr'>dia·</span> 
     </span>
     <span class='ocr_line' id='line_1_29' title="bbox 195 1715 1612 1761; baseline 0.001 -13"><span class='ocrx_word' id='word_1_219' title='bbox 195 1715 358 1749; x_wconf 84' lang='lat' dir='ltr'>lecticam</span> <span class='ocrx_word' id='word_1_220' title='bbox 385 1723 422 1749; x_wconf 79' lang='lat' dir='ltr'>et</span> <span class='ocrx_word' id='word_1_221' title='bbox 447 1717 640 1750; x_wconf 81' lang='lat' dir='ltr'>contemnit</span> <span class='ocrx_word' id='word_1_222' title='bbox 669 1722 703 1750; x_wconf 88' lang='lat' dir='ltr'>et</span> <span class='ocrx_word' id='word_1_223' title='bbox 728 1717 871 1755; x_wconf 78' lang='lat' dir='ltr'>inridet,</span> <span class='ocrx_word' id='word_1_224' title='bbox 911 1727 984 1749; x_wconf 86' lang='lat' dir='ltr'>non</span> <span class='ocrx_word' id='word_1_225' title='bbox 1009 1717 1189 1761; x_wconf 80' lang='lat' dir='ltr'>inpetrent</span> <span class='ocrx_word' id='word_1_226' title='bbox 1213 1722 1252 1749; x_wconf 88' lang='lat' dir='ltr'>ut</span> <span class='ocrx_word' id='word_1_227' title='bbox 1278 1728 1400 1750; x_wconf 84' lang='lat' dir='ltr'>uerum</span> <span class='ocrx_word' id='word_1_228' title='bbox 1426 1728 1505 1750; x_wconf 89' lang='lat' dir='ltr'>esse</span> <span class='ocrx_word' id='word_1_229' title='bbox 1531 1728 1612 1750; x_wconf 89' lang='lat' dir='ltr'>con-</span> 
     </span>
     <span class='ocr_line' id='line_1_30' title="bbox 196 1779 1614 1824; baseline -0.001 -11"><span class='ocrx_word' id='word_1_230' title='bbox 196 1781 298 1814; x_wconf 86' lang='lat' dir='ltr'>cedat</span> <span class='ocrx_word' id='word_1_231' title='bbox 329 1779 426 1824; x_wconf 86' lang='lat' dir='ltr'>quod</span> <span class='ocrx_word' id='word_1_232' title='bbox 459 1779 509 1812; x_wconf 85' lang='lat' dir='ltr'>ita</span> <span class='ocrx_word' id='word_1_233' title='bbox 540 1779 727 1813; x_wconf 84' lang='lat' dir='ltr'>effabimur</span> <span class='ocrx_word' id='word_1_234' title='bbox 759 1779 847 1812; x_wconf 80' lang='lat' dir='ltr'>“aut</span> <span class='ocrx_word' id='word_1_235' title='bbox 879 1780 978 1812; x_wconf 83' lang='lat' dir='ltr'>uiuet</span> <span class='ocrx_word' id='word_1_236' title='bbox 1009 1790 1085 1812; x_wconf 84' lang='lat' dir='ltr'>cras</span> <span class='ocrx_word' id='word_1_237' title='bbox 1112 1780 1353 1813; x_wconf 83' lang='lat' dir='ltr'>Hermarchus</span> <span class='ocrx_word' id='word_1_238' title='bbox 1382 1786 1441 1813; x_wconf 82' lang='lat' dir='ltr'>aut</span> <span class='ocrx_word' id='word_1_239' title='bbox 1467 1791 1539 1813; x_wconf 88' lang='lat' dir='ltr'>non</span> <span class='ocrx_word' id='word_1_240' title='bbox 1564 1781 1614 1813; x_wconf 91' lang='lat' dir='ltr'>ui-</span> 
     </span>
     <span class='ocr_line' id='line_1_31' title="bbox 194 1843 1615 1886; baseline 0 -8"><span class='ocrx_word' id='word_1_241' title='bbox 194 1844 294 1884; x_wconf 77' lang='lat' dir='ltr'>uet’&#39;,</span> <span class='ocrx_word' id='word_1_242' title='bbox 333 1855 413 1878; x_wconf 87' lang='lat' dir='ltr'>cum</span> <span class='ocrx_word' id='word_1_243' title='bbox 446 1843 628 1878; x_wconf 82' lang='lat' dir='ltr'>dialectici</span> <span class='ocrx_word' id='word_1_244' title='bbox 664 1845 714 1877; x_wconf 86' lang='lat' dir='ltr'>sic</span> <span class='ocrx_word' id='word_1_245' title='bbox 747 1849 913 1882; x_wconf 84' lang='lat' dir='ltr'>statuant,</span> <span class='ocrx_word' id='word_1_246' title='bbox 960 1854 1064 1877; x_wconf 89' lang='lat' dir='ltr'>omne</span> <span class='ocrx_word' id='word_1_247' title='bbox 1099 1845 1197 1886; x_wconf 91' lang='lat' dir='ltr'>quod</span> <span class='ocrx_word' id='word_1_248' title='bbox 1231 1844 1280 1878; x_wconf 83' lang='lat' dir='ltr'>ita</span> <span class='ocrx_word' id='word_1_249' title='bbox 1315 1845 1530 1877; x_wconf 78' lang='lat' dir='ltr'>disiunctum</span> <span class='ocrx_word' id='word_1_250' title='bbox 1569 1845 1615 1878; x_wconf 86' lang='lat' dir='ltr'>sit</span> 
     </span>
     <span class='ocr_line' id='line_1_32' title="bbox 195 1908 1613 1955; baseline -0.001 -13"><span class='ocrx_word' id='word_1_251' title='bbox 195 1910 300 1955; x_wconf 87' lang='lat' dir='ltr'>quasi</span> <span class='ocrx_word' id='word_1_252' title='bbox 324 1909 415 1943; x_wconf 80' lang='lat' dir='ltr'>“aut</span> <span class='ocrx_word' id='word_1_253' title='bbox 439 1909 546 1944; x_wconf 83' lang='lat' dir='ltr'>etiam</span> <span class='ocrx_word' id='word_1_254' title='bbox 570 1914 630 1942; x_wconf 83' lang='lat' dir='ltr'>aut</span> <span class='ocrx_word' id='word_1_255' title='bbox 653 1908 755 1942; x_wconf 80' lang='lat' dir='ltr'>non&#39;²</span> <span class='ocrx_word' id='word_1_256' title='bbox 780 1920 853 1942; x_wconf 83' lang='lat' dir='ltr'>non</span> <span class='ocrx_word' id='word_1_257' title='bbox 879 1910 987 1942; x_wconf 84' lang='lat' dir='ltr'>modo</span> <span class='ocrx_word' id='word_1_258' title='bbox 1014 1920 1136 1942; x_wconf 88' lang='lat' dir='ltr'>uerum</span> <span class='ocrx_word' id='word_1_259' title='bbox 1163 1919 1243 1942; x_wconf 84' lang='lat' dir='ltr'>esse</span> <span class='ocrx_word' id='word_1_260' title='bbox 1270 1910 1333 1942; x_wconf 87' lang='lat' dir='ltr'>sed</span> <span class='ocrx_word' id='word_1_261' title='bbox 1359 1910 1465 1942; x_wconf 78' lang='lat' dir='ltr'>etiam</span> <span class='ocrx_word' id='word_1_262' title='bbox 1491 1919 1613 1942; x_wconf 84' lang='lat' dir='ltr'>neces·</span> 
     </span>
     <span class='ocr_line' id='line_1_33' title="bbox 197 1973 1611 2018; baseline 0 -12"><span class='ocrx_word' id='word_1_263' title='bbox 197 1974 339 2014; x_wconf 83' lang='lat' dir='ltr'>sarium,</span> <span class='ocrx_word' id='word_1_264' title='bbox 376 1974 460 2007; x_wconf 84' lang='lat' dir='ltr'>uide</span> <span class='ocrx_word' id='word_1_265' title='bbox 494 1984 600 2018; x_wconf 86' lang='lat' dir='ltr'>quam</span> <span class='ocrx_word' id='word_1_266' title='bbox 627 1974 674 2007; x_wconf 89' lang='lat' dir='ltr'>sit</span> <span class='ocrx_word' id='word_1_267' title='bbox 700 1979 798 2007; x_wconf 86' lang='lat' dir='ltr'>catus</span> <span class='ocrx_word' id='word_1_268' title='bbox 814 1974 855 2016; x_wconf 59' lang='lat' dir='ltr'>js</span> <span class='ocrx_word' id='word_1_269' title='bbox 882 1984 988 2016; x_wconf 87' lang='lat' dir='ltr'>quem</span> <span class='ocrx_word' id='word_1_270' title='bbox 1014 1974 1073 2007; x_wconf 86' lang='lat' dir='ltr'>isti</span> <span class='ocrx_word' id='word_1_271' title='bbox 1099 1974 1238 2007; x_wconf 80' lang='lat' dir='ltr'>tardum</span> <span class='ocrx_word' id='word_1_272' title='bbox 1264 1977 1398 2017; x_wconf 82' lang='lat' dir='ltr'>putant.</span> <span class='ocrx_word' id='word_1_273' title='bbox 1449 1973 1479 2006; x_wconf 83' lang='lat' dir='ltr'>si</span> <span class='ocrx_word' id='word_1_274' title='bbox 1507 1975 1611 2013; x_wconf 86' lang='lat' dir='ltr'>enim,</span> 
     </span>
     <span class='ocr_line' id='line_1_34' title="bbox 196 2021 1611 2082; baseline 0.001 -12"><span class='ocrx_word' id='word_1_275' title='bbox 196 2021 322 2082; x_wconf 63' lang='lat' dir='ltr'>iuquit,</span> <span class='ocrx_word' id='word_1_276' title='bbox 366 2038 573 2072; x_wconf 84' lang='lat' dir='ltr'>alterutrum</span> <span class='ocrx_word' id='word_1_277' title='bbox 604 2049 818 2072; x_wconf 88' lang='lat' dir='ltr'>concessero</span> <span class='ocrx_word' id='word_1_278' title='bbox 853 2039 1093 2072; x_wconf 86' lang='lat' dir='ltr'>necessarium</span> <span class='ocrx_word' id='word_1_279' title='bbox 1126 2048 1218 2077; x_wconf 81' lang='lat' dir='ltr'>esse.</span> <span class='ocrx_word' id='word_1_280' title='bbox 1256 2048 1405 2071; x_wconf 83' lang='lat' dir='ltr'>necesse</span> <span class='ocrx_word' id='word_1_281' title='bbox 1441 2038 1506 2071; x_wconf 82' lang='lat' dir='ltr'>erit</span> <span class='ocrx_word' id='word_1_282' title='bbox 1535 2049 1611 2071; x_wconf 84' lang='lat' dir='ltr'>cras</span> 
     </span>
     <span class='ocr_line' id='line_1_35' title="bbox 195 2102 1612 2139; baseline -0.001 -3"><span class='ocrx_word' id='word_1_283' title='bbox 195 2102 455 2139; x_wconf 81' lang='lat' dir='ltr'>Hermarchum</span> <span class='ocrx_word' id='word_1_284' title='bbox 481 2107 541 2136; x_wconf 77' lang='lat' dir='ltr'>aut</span> <span class='ocrx_word' id='word_1_285' title='bbox 566 2103 688 2136; x_wconf 88' lang='lat' dir='ltr'>uiuere</span> <span class='ocrx_word' id='word_1_286' title='bbox 715 2107 774 2135; x_wconf 89' lang='lat' dir='ltr'>aut</span> <span class='ocrx_word' id='word_1_287' title='bbox 801 2113 872 2135; x_wconf 84' lang='lat' dir='ltr'>non</span> <span class='ocrx_word' id='word_1_288' title='bbox 899 2102 1038 2136; x_wconf 85' lang='lat' dir='ltr'>uiuere:</span> <span class='ocrx_word' id='word_1_289' title='bbox 1079 2102 1179 2135; x_wconf 84' lang='lat' dir='ltr'>nulla</span> <span class='ocrx_word' id='word_1_290' title='bbox 1205 2107 1321 2135; x_wconf 81' lang='lat' dir='ltr'>autem</span> <span class='ocrx_word' id='word_1_291' title='bbox 1347 2107 1402 2135; x_wconf 83' lang='lat' dir='ltr'>est</span> <span class='ocrx_word' id='word_1_292' title='bbox 1427 2103 1463 2135; x_wconf 88' lang='lat' dir='ltr'>in</span> <span class='ocrx_word' id='word_1_293' title='bbox 1489 2107 1612 2135; x_wconf 78' lang='lat' dir='ltr'>natura</span> 
     </span>
     <span class='ocr_line' id='line_1_36' title="bbox 197 2166 1612 2211; baseline 0 -11"><span class='ocrx_word' id='word_1_294' title='bbox 197 2177 312 2201; x_wconf 86' lang='lat' dir='ltr'>rerum</span> <span class='ocrx_word' id='word_1_295' title='bbox 336 2168 420 2202; x_wconf 82' lang='lat' dir='ltr'>talis</span> <span class='ocrx_word' id='word_1_296' title='bbox 445 2169 652 2203; x_wconf 78' lang='lat' dir='ltr'>necessitas.</span> <span class='ocrx_word' id='word_1_297' title='bbox 677 2178 755 2201; x_wconf 86' lang='lat' dir='ltr'>cum</span> <span class='ocrx_word' id='word_1_298' title='bbox 783 2167 851 2200; x_wconf 89' lang='lat' dir='ltr'>hoc</span> <span class='ocrx_word' id='word_1_299' title='bbox 879 2168 985 2209; x_wconf 83' lang='lat' dir='ltr'>igitur</span> <span class='ocrx_word' id='word_1_300' title='bbox 1010 2166 1190 2200; x_wconf 76' lang='lat' dir='ltr'>dialectici</span> <span class='ocrx_word' id='word_1_301' title='bbox 1206 2171 1377 2211; x_wconf 80' lang='lat' dir='ltr'>pugnent,</span> <span class='ocrx_word' id='word_1_302' title='bbox 1402 2167 1440 2200; x_wconf 82' lang='lat' dir='ltr'>id</span> <span class='ocrx_word' id='word_1_303' title='bbox 1464 2172 1518 2200; x_wconf 84' lang='lat' dir='ltr'>est</span> <span class='ocrx_word' id='word_1_304' title='bbox 1538 2168 1612 2200; x_wconf 83' lang='lat' dir='ltr'>An-</span> 
     </span>
     <span class='ocr_line' id='line_1_37' title="bbox 197 2231 1246 2268; baseline 0 -3"><span class='ocrx_word' id='word_1_305' title='bbox 197 2232 338 2267; x_wconf 78' lang='lat' dir='ltr'>tiochus</span> <span class='ocrx_word' id='word_1_306' title='bbox 363 2237 399 2266; x_wconf 79' lang='lat' dir='ltr'>et</span> <span class='ocrx_word' id='word_1_307' title='bbox 425 2232 556 2268; x_wconf 79' lang='lat' dir='ltr'>Stoici:</span> <span class='ocrx_word' id='word_1_308' title='bbox 583 2238 693 2267; x_wconf 78' lang='lat' dir='ltr'>totam</span> <span class='ocrx_word' id='word_1_309' title='bbox 720 2233 814 2265; x_wconf 82' lang='lat' dir='ltr'>enim</span> <span class='ocrx_word' id='word_1_310' title='bbox 840 2232 969 2265; x_wconf 86' lang='lat' dir='ltr'>euertit</span> <span class='ocrx_word' id='word_1_311' title='bbox 995 2231 1246 2266; x_wconf 44' lang='lat' dir='ltr'>dialecticam&amp;</span> 
     </span>
     <span class='ocr_line' id='line_1_38' title="bbox 196 2296 1612 2341; baseline -0.001 -11"><span class='ocrx_word' id='word_1_312' title='bbox 196 2297 292 2331; x_wconf 86' lang='lat' dir='ltr'>idem</span> <span class='ocrx_word' id='word_1_313' title='bbox 319 2297 363 2331; x_wconf 87' lang='lat' dir='ltr'>de</span> <span class='ocrx_word' id='word_1_314' title='bbox 389 2302 461 2332; x_wconf 80' lang='lat' dir='ltr'>nat.</span> <span class='ocrx_word' id='word_1_315' title='bbox 488 2298 588 2332; x_wconf 70' lang='lat' dir='ltr'>deor.</span> <span class='ocrx_word' id='word_1_316' title='bbox 614 2305 630 2331; x_wconf 85' lang='grc' dir='ltr'>Ι</span> <span class='ocrx_word' id='word_1_317' title='bbox 656 2298 714 2336; x_wconf 80' lang='lat'>25,</span> <span class='ocrx_word' id='word_1_318' title='bbox 743 2297 788 2331; x_wconf 73' lang='lat'>70</span> <span class='ocrx_word' id='word_1_319' title='bbox 819 2297 933 2330; x_wconf 82' lang='lat' dir='ltr'>‘idem</span> <span class='ocrx_word' id='word_1_320' title='bbox 961 2297 1044 2330; x_wconf 78' lang='lat' dir='ltr'>facit</span> <span class='ocrx_word' id='word_1_321' title='bbox 1069 2296 1278 2341; x_wconf 79' lang='lat' dir='ltr'>(Epicurus)</span> <span class='ocrx_word' id='word_1_322' title='bbox 1305 2301 1427 2330; x_wconf 87' lang='lat' dir='ltr'>contra</span> <span class='ocrx_word' id='word_1_323' title='bbox 1454 2296 1612 2329; x_wconf 78' lang='lat' dir='ltr'>dialecti-</span> 
     </span>
     <span class='ocr_line' id='line_1_39' title="bbox 195 2361 1612 2407; baseline -0.001 -12"><span class='ocrx_word' id='word_1_324' title='bbox 195 2373 274 2396; x_wconf 83' lang='lat' dir='ltr'>cos:</span> <span class='ocrx_word' id='word_1_325' title='bbox 313 2373 333 2395; x_wconf 81' lang='lat' dir='ltr'>a</span> <span class='ocrx_word' id='word_1_326' title='bbox 359 2362 490 2407; x_wconf 86' lang='lat' dir='ltr'>quibus</span> <span class='ocrx_word' id='word_1_327' title='bbox 517 2373 595 2395; x_wconf 82' lang='lat' dir='ltr'>cum</span> <span class='ocrx_word' id='word_1_328' title='bbox 621 2362 789 2396; x_wconf 80' lang='lat' dir='ltr'>traditum</span> <span class='ocrx_word' id='word_1_329' title='bbox 817 2363 862 2394; x_wconf 85' lang='lat' dir='ltr'>sit</span> <span class='ocrx_word' id='word_1_330' title='bbox 889 2363 924 2394; x_wconf 87' lang='lat' dir='ltr'>in</span> <span class='ocrx_word' id='word_1_331' title='bbox 953 2362 1118 2395; x_wconf 84' lang='lat' dir='ltr'>omnibus</span> <span class='ocrx_word' id='word_1_332' title='bbox 1147 2361 1440 2399; x_wconf 85' lang='lat' dir='ltr'>diiunctionibus,</span> <span class='ocrx_word' id='word_1_333' title='bbox 1473 2361 1511 2394; x_wconf 88' lang='lat' dir='ltr'>in</span> <span class='ocrx_word' id='word_1_334' title='bbox 1537 2361 1612 2404; x_wconf 90' lang='lat' dir='ltr'>qui-</span> 
     </span>
     <span class='ocr_line' id='line_1_40' title="bbox 196 2426 1613 2471; baseline -0.002 -11"><span class='ocrx_word' id='word_1_335' title='bbox 196 2427 264 2461; x_wconf 79' lang='lat' dir='ltr'>bus</span> <span class='ocrx_word' id='word_1_336' title='bbox 281 2426 369 2460; x_wconf 73' lang='lat' dir='ltr'>“aut</span> <span class='ocrx_word' id='word_1_337' title='bbox 387 2427 491 2461; x_wconf 75' lang='lat' dir='ltr'>etiam</span> <span class='ocrx_word' id='word_1_338' title='bbox 510 2433 569 2461; x_wconf 71' lang='lat' dir='ltr'>aut</span> <span class='ocrx_word' id='word_1_339' title='bbox 587 2438 658 2460; x_wconf 86' lang='lat' dir='ltr'>non</span> <span class='ocrx_word' id='word_1_340' title='bbox 670 2427 688 2438; x_wconf 87' lang='lat'><strong>”</strong></span> <span class='ocrx_word' id='word_1_341' title='bbox 707 2432 912 2471; x_wconf 74' lang='lat' dir='ltr'>poneretur,</span> <span class='ocrx_word' id='word_1_342' title='bbox 940 2427 1089 2460; x_wconf 75' lang='lat' dir='ltr'>alterum</span> <span class='ocrx_word' id='word_1_343' title='bbox 1107 2432 1221 2460; x_wconf 85' lang='lat' dir='ltr'>utrum</span> <span class='ocrx_word' id='word_1_344' title='bbox 1241 2437 1320 2458; x_wconf 84' lang='lat' dir='ltr'>esse</span> <span class='ocrx_word' id='word_1_345' title='bbox 1346 2437 1481 2465; x_wconf 84' lang='lat' dir='ltr'>uerum,</span> <span class='ocrx_word' id='word_1_346' title='bbox 1508 2426 1613 2469; x_wconf 82' lang='lat' dir='ltr'>perti·</span> 
     </span>
     <span class='ocr_line' id='line_1_41' title="bbox 197 2489 1614 2535; baseline -0.003 -10"><span class='ocrx_word' id='word_1_347' title='bbox 197 2492 286 2525; x_wconf 83' lang='lat' dir='ltr'>muit</span> <span class='ocrx_word' id='word_1_348' title='bbox 312 2502 356 2525; x_wconf 80' lang='lat' dir='ltr'>ne</span> <span class='ocrx_word' id='word_1_349' title='bbox 382 2491 414 2526; x_wconf 80' lang='lat' dir='ltr'>si</span> <span class='ocrx_word' id='word_1_350' title='bbox 438 2502 648 2526; x_wconf 80' lang='lat' dir='ltr'>concessum</span> <span class='ocrx_word' id='word_1_351' title='bbox 677 2496 767 2524; x_wconf 79' lang='lat' dir='ltr'>esset</span> <span class='ocrx_word' id='word_1_352' title='bbox 797 2491 902 2524; x_wconf 79' lang='lat' dir='ltr'>huius</span> <span class='ocrx_word' id='word_1_353' title='bbox 928 2491 1027 2524; x_wconf 85' lang='lat' dir='ltr'>modi</span> <span class='ocrx_word' id='word_1_354' title='bbox 1052 2490 1190 2535; x_wconf 83' lang='lat' dir='ltr'>aliquid</span> <span class='ocrx_word' id='word_1_355' title='bbox 1215 2489 1302 2524; x_wconf 76' lang='lat' dir='ltr'>“aut</span> <span class='ocrx_word' id='word_1_356' title='bbox 1328 2491 1426 2524; x_wconf 84' lang='lat' dir='ltr'>uiuet</span> <span class='ocrx_word' id='word_1_357' title='bbox 1451 2500 1528 2523; x_wconf 77' lang='lat' dir='ltr'>cras</span> <span class='ocrx_word' id='word_1_358' title='bbox 1554 2495 1614 2522; x_wconf 79' lang='lat' dir='ltr'>aut</span> 
     </span>
    </p>
   </div>
   <div class='ocr_carea' id='block_1_10' title="bbox 197 2626 1615 2791">
    <p class='ocr_par' dir='ltr' id='par_1_10' title="bbox 197 2626 1615 2791">
     <span class='ocr_line' id='line_1_42' title="bbox 322 2626 1613 2672; baseline -0.004 -9"><span class='ocrx_word' id='word_1_359' title='bbox 322 2630 339 2663; x_wconf 79' lang='lat'>1</span> <span class='ocrx_word' id='word_1_360' title='bbox 367 2629 413 2663; x_wconf 83' lang='lat' dir='ltr'>cf.</span> <span class='ocrx_word' id='word_1_361' title='bbox 431 2629 530 2663; x_wconf 79' lang='lat' dir='ltr'>Lact.</span> <span class='ocrx_word' id='word_1_362' title='bbox 548 2627 573 2661; x_wconf 80' lang='lat' dir='ltr'>l.</span> <span class='ocrx_word' id='word_1_363' title='bbox 594 2640 623 2662; x_wconf 83' lang='lat' dir='ltr'>s.</span> <span class='ocrx_word' id='word_1_364' title='bbox 646 2629 701 2672; x_wconf 83' lang='lat'>13,</span> <span class='ocrx_word' id='word_1_365' title='bbox 725 2629 740 2662; x_wconf 78' lang='lat'>1</span> <span class='ocrx_word' id='word_1_366' title='bbox 774 2628 895 2672; x_wconf 82' lang='lat' dir='ltr'>‘quam</span> <span class='ocrx_word' id='word_1_367' title='bbox 923 2639 1005 2660; x_wconf 84' lang='lat' dir='ltr'>uera</span> <span class='ocrx_word' id='word_1_368' title='bbox 1034 2628 1080 2660; x_wconf 78' lang='lat' dir='ltr'>sit</span> <span class='ocrx_word' id='word_1_369' title='bbox 1107 2627 1283 2661; x_wconf 83' lang='lat' dir='ltr'>sententia</span> <span class='ocrx_word' id='word_1_370' title='bbox 1310 2626 1523 2670; x_wconf 82' lang='lat' dir='ltr'>Stoicorum,</span> <span class='ocrx_word' id='word_1_371' title='bbox 1550 2627 1613 2670; x_wconf 85' lang='lat' dir='ltr'>qui</span> 
     </span>
     <span class='ocr_line' id='line_1_43' title="bbox 198 2682 1615 2729; baseline -0.003 -9"><span class='ocrx_word' id='word_1_372' title='bbox 198 2688 295 2720; x_wconf 82' lang='lat' dir='ltr'>aiunt</span> <span class='ocrx_word' id='word_1_373' title='bbox 323 2692 445 2721; x_wconf 71' lang='lat' dir='ltr'>nostra</span> <span class='ocrx_word' id='word_1_374' title='bbox 470 2698 596 2721; x_wconf 79' lang='lat' dir='ltr'>caussa</span> <span class='ocrx_word' id='word_1_375' title='bbox 622 2687 791 2720; x_wconf 82' lang='lat' dir='ltr'>mundum</span> <span class='ocrx_word' id='word_1_376' title='bbox 821 2697 900 2719; x_wconf 88' lang='lat' dir='ltr'>esse</span> <span class='ocrx_word' id='word_1_377' title='bbox 927 2685 1187 2719; x_wconf 81' lang='lat' dir='ltr'>constructum’</span> <span class='ocrx_word' id='word_1_378' title='bbox 1226 2686 1233 2728; x_wconf 76' lang='grc'>1</span> <span class='ocrx_word' id='word_1_379' title='bbox 1271 2682 1483 2729; x_wconf 79' lang='lat' dir='ltr'>posuerunt]</span> <span class='ocrx_word' id='word_1_380' title='bbox 1510 2686 1615 2716; x_wconf 89' lang='lat' dir='ltr'>nullo</span> 
     </span>
     <span class='ocr_line' id='line_1_44' title="bbox 197 2743 1609 2791; baseline -0.001 -13"><span class='ocrx_word' id='word_1_381' title='bbox 197 2747 299 2778; x_wconf 86' lang='lat' dir='ltr'>modo</span> <span class='ocrx_word' id='word_1_382' title='bbox 324 2748 453 2779; x_wconf 73' lang='lat' dir='ltr'>uidere</span> <span class='ocrx_word' id='word_1_383' title='bbox 471 2752 674 2789; x_wconf 76' lang='lat' dir='ltr'>potuerunt</span> <span class='ocrx_word' id='word_1_384' title='bbox 702 2746 763 2778; x_wconf 79' lang='lat' dir='ltr'>alii.</span> <span class='ocrx_word' id='word_1_385' title='bbox 804 2744 821 2791; x_wconf 79' lang='grc' dir='ltr'>Η</span> <span class='ocrx_word' id='word_1_386' title='bbox 866 2745 907 2778; x_wconf 79' lang='grc'>19</span> <span class='ocrx_word' id='word_1_387' title='bbox 926 2746 971 2779; x_wconf 88' lang='lat' dir='ltr'>cs.</span> <span class='ocrx_word' id='word_1_388' title='bbox 989 2746 1055 2787; x_wconf 81' lang='lat' dir='ltr'>Ep.</span> <span class='ocrx_word' id='word_1_389' title='bbox 1080 2756 1134 2786; x_wconf 75' lang='lat' dir='ltr'>ep.</span> <span class='ocrx_word' id='word_1_390' title='bbox 1154 2752 1194 2777; x_wconf 81' lang='lat' dir='ltr'>m</span> <span class='ocrx_word' id='word_1_391' title='bbox 1215 2745 1281 2778; x_wconf 84' lang='lat'>133</span> <span class='ocrx_word' id='word_1_392' title='bbox 1297 2755 1349 2787; x_wconf 87' lang='lat' dir='ltr'>sq.</span> <span class='ocrx_word' id='word_1_393' title='bbox 1368 2755 1402 2788; x_wconf 88' lang='lat' dir='ltr'>p.</span> <span class='ocrx_word' id='word_1_394' title='bbox 1418 2743 1475 2781; x_wconf 83' lang='lat'>65,</span> <span class='ocrx_word' id='word_1_395' title='bbox 1490 2743 1609 2777; x_wconf 83' lang='lat'><strong>6—-17</strong></span> 
     </span>
    </p>
   </div>
  </div>
 </body>
</html>
