1842 3250
209 498 278 532 382

208 2207 276 2241 383

305 230 375 264 256
787 231 991 263 EPICVRI
1017 231 1084 263 PH
1090 231 1235 263 YSICA

304 347 440 380 πλασιν
466 344 548 380 οἷόν
574 356 615 380 τε
643 347 852 388 πεισθῆναι.
881 348 998 380 τοῦτο
1022 345 1094 389 γὰρ
1121 345 1342 388 Ἐπικούρου
1367 355 1409 379 τε
1433 345 1495 379 καὶ
1521 346 1600 378 τῶν
1627 344 1717 379 ἄνευ

304 409 484 454 προνοίας
511 410 661 444 ἅπαντα
686 409 881 452 γίγνεσθαι
906 410 1140 451 νομιζόντων
1168 409 1373 451 ἀκούοντες
1400 409 1445 444 οὐ
1471 410 1687 451 πειθόμεθα.

426 503 569 536 ΑΕΤινε
595 509 622 534 11
649 502 681 540 3,
713 503 727 535 1
751 513 801 545 sq.
828 514 861 546 p.
883 502 952 536 329
979 502 1024 536 D.
1053 501 1169 545 (Stob.
1198 502 1266 535 ecl.
1292 502 1352 545 ph.
1380 501 1437 540 21,
1457 502 1477 535 3
1505 502 1599 535 Plut.
1626 509 1652 534 u
1681 503 1720 546 3)

304 565 348 601 Οἱ
375 565 441 608 μὲν
468 566 572 600 ἄλλοι
599 566 738 608 πάντες
771 567 942 609 ἔμψυχον
968 566 1036 600 τὸν
1063 566 1208 608 κόσμον
1236 566 1296 600 καὶ
1322 564 1484 610 προνοίᾳ
1511 566 1716 608 διοικούμε-

302 640 386 666 νον·
428 631 641 672 Λεύκιππος
669 631 708 666 δὲ
736 631 796 665 καὶ
823 630 1063 674 Δημόκριτος
1094 631 1154 665 καὶ
1182 630 1400 674 Ἐπίκουρος
1426 631 1608 674 οὐδέτερα
1632 631 1718 665 τού·
1744 640 1760 665 5

302 706 392 738 των,
419 695 531 737 φύσει
559 696 599 729 δὲ
626 695 764 740 ἀλόγῳ,
792 696 834 730 ἑκ
860 698 938 730 τῶν
967 695 1121 738 ἀτόμων
1149 698 1381 730 συνεστῶτα.

303 758 484 793 ΕΑΒΕΝνς
512 760 557 792 de
582 771 649 792 usu
674 760 824 804 partium
851 768 895 793 11
923 761 944 794 8
971 766 995 794 t.
1015 768 1059 793 111
1086 772 1119 804 p.
1140 760 1211 794 873
1240 761 1291 794 Κ.
1331 759 1425 794 ἀλλὰ
1452 761 1512 794 καὶ
1538 760 1583 794 τὸ
1610 760 1721 802 δῆσαι

303 825 526 867 συνδέσμοις
561 823 726 868 ἰσχυροῖς
753 825 861 867 (τοὺς
891 824 1067 867 ὀδόντας)
1095 824 1189 868 πρὸς
1214 824 1262 859 τὰ
1288 823 1430 868 ‹pm-via
1464 825 1524 859 καὶ
1561 824 1721 866 μάλιστα

302 890 398 923 κατὰ
429 890 496 930 τὰς
529 889 642 932 ῥίζας,
679 890 741 924 ἵνα
775 900 846 933 περ
879 890 938 924 καὶ
973 890 1020 924 τὰ
1053 893 1169 933 νεῦρα
1195 890 1441 932 καταφύεται,
1481 891 1562 930 πῶς
1588 890 1633 924 οὐ
1660 890 1721 924 καὶ

302 955 406 988 τοῦτ’
435 954 479 987 ἄν
506 964 562 995 τις
587 954 788 995 θαυμάζοι;
834 954 894 989 καὶ
920 955 1017 989 πολὺ
1046 956 1187 996 μᾶλλον
1215 953 1246 989 εἰ
1271 954 1388 998 τύχης
1421 952 1523 988 ἐστίν
1551 953 1644 988 ἀλλὰ
1670 954 1719 996 μὴ
1747 964 1778 989 ιο

302 1018 438 1061 τέχνης
456 1019 584 1061 ἔργον;
613 1019 633 1052 ὃ
661 1019 701 1053 δὲ
729 1018 775 1061 δὴ
805 1018 962 1052 πάντων
989 1018 1134 1061 μάλιστ’
1155 1018 1200 1053 ἄν
1227 1029 1285 1060 τις
1311 1018 1514 1060 θαυμάσειε
1543 1019 1603 1052 καὶ
1631 1026 1718 1058 συγ-

303 1083 479 1126 χωρήσας
511 1083 663 1117 ἅπασαν
694 1085 776 1124 ταῖς
809 1082 1075 1126 Ἐπικουρείοις
1109 1082 1263 1125 ἀτόμοις
1296 1084 1354 1117 καὶ
1387 1086 1465 1124 τοῖς
1498 1082 1718 1125 Ἀσκληπια-

305 1147 415 1188 δείοις
442 1148 569 1189 ὄγκοις
594 1148 664 1190 τὴν
690 1148 906 1191 ἔμπροσθεν
934 1147 1139 1190 εἰρημένην
1165 1147 1352 1189 εὐτυχίαν,
1380 1147 1483 1181 τοῦτ’
1505 1147 1574 1182 οὐκ
1601 1147 1645 1180 ἂν
1665 1147 1719 1181 ἔτι

304 1212 596 1256 συγχωρήσειεν,
623 1212 702 1247 ἀλλ’
723 1211 938 1254 ἐπιστήσειέ
958 1222 1000 1247 τε
1025 1211 1086 1246 καί
1108 1222 1211 1254 τινος
1236 1211 1442 1246 ἐπιστάτου
1465 1211 1610 1246 δικαίου
1630 1212 1718 1253 μᾶλ-

303 1278 369 1311 λον
397 1278 419 1319 ἢ
447 1277 631 1320 κινήσεως
662 1271 845 1319 εὐτυχοῦς
880 1277 992 1319 ἔργον
1024 1277 1120 1311 εἶναι
1152 1276 1299 1319 φήσειε,
1339 1277 1410 1320 τὴν
1436 1278 1515 1310 τῶν
1548 1275 1718 1310 ὀδόντων
1745 1285 1775 1310 15

304 1338 473 1382 ἰσότητα.
536 1339 625 1372 ibid.
657 1351 692 1383 p.
712 1340 783 1374 874
823 1340 994 1374 δεδόσθω
1027 1339 1059 1373 δ’
1087 1339 1189 1381 ὅμως
1222 1340 1280 1373 καὶ
1314 1343 1435 1374 ταῦτα
1460 1343 1542 1381 ταῖς
1568 1340 1718 1382 εὐτυχε-

304 1403 458 1445 στάταις
484 1403 649 1446 ἀτόμοις,
676 1403 721 1445 ἃς
750 1404 928 1446 ἀλόγως
954 1405 1021 1447 μὲν
1049 1404 1184 1439 ἐκεῖνοι
1210 1403 1439 1439 κινεῖσθαί
1465 1414 1569 1447 φασι,
1596 1405 1718 1439 κινδυ-

301 1467 455 1502 νεύουσι
491 1468 531 1502 δὲ
559 1470 700 1510 μᾶλλον
726 1468 948 1512 Ἑπικούρου
982 1479 1024 1504 τε
1051 1471 1114 1504 καὶ
1139 1469 1414 1513 Ἀσκληπιάδου
1446 1469 1720 1512 λελογισμένως

301 1533 427 1567 πάντα
455 1532 760 1576 διαπράττεσθαι.

302 1595 548 1631 LACTANTIVS
574 1598 685 1632 diuin.
714 1599 823 1631 instit.
851 1606 906 1631 vn
934 1600 966 1638 3,
991 1599 1035 1633 23
1073 1599 1240 1632 ‘redda‘nt
1273 1610 1358 1640 crgo
1394 1600 1452 1631 isti
1484 1599 1657 1631 rationem
1689 1597 1719 1629 si
1741 1603 1777 1629 20

302 1667 464 1705 possunt,
503 1671 564 1694 cur
591 1662 773 1707 (mundus)
801 1670 861 1696 aut
889 1664 1000 1697 sactus
1028 1665 1064 1696 in
1094 1664 1271 1708 principio
1301 1664 1346 1696 sit
1373 1669 1432 1696 aut
1458 1669 1583 1707 postea
1609 1663 1719 1695 resol-

302 1730 413 1759 uatur.
439 1726 538 1769 quod
565 1727 647 1769 quia
673 1727 803 1759 docere
829 1738 902 1759 non
928 1732 1069 1771 poterat
1086 1728 1262 1770 Epicurus
1287 1729 1363 1760 siue
1388 1728 1627 1766 Democritus,
1654 1738 1718 1760 sua

302 1792 434 1832 sponte'
456 1795 577 1823 natum
604 1801 683 1823 esse
712 1791 800 1824 dixit
828 1793 1024 1825 seminibus
1049 1793 1142 1825 inter
1167 1803 1207 1825 se
1232 1793 1365 1836 passim
1393 1793 1617 1830 coeuntibus,
1642 1792 1718 1835 qui·

303 1853 370 1885 bus
397 1854 524 1887 iterum
550 1856 718 1889 resolutis
748 1857 938 1889 discidium
969 1862 1073 1901 atque
1100 1858 1279 1891 interitum
1309 1862 1521 1890 secuturum.
1562 1856 1718 1899 corrupit

302 1927 388 1959 ergo
415 1920 512 1962 quod
547 1925 643 1954 recte
674 1920 825 1959 uiderat,
868 1927 901 1954 et
928 1927 1038 1954 totam
1067 1922 1240 1954 rationem
1269 1922 1410 1965 penitus
1442 1921 1643 1963 ignorantia
1668 1931 1718 1952 ra·
1741 1927 1774 1953 25

301 1982 410 2015 tionis
438 1984 565 2016 euertit
592 1985 800 2028 redegitque
827 1987 995 2018 mundum
1023 1992 1057 2018 et
1083 1987 1201 2020 omnia
1228 1997 1318 2029 quae
1345 1986 1381 2018 in
1410 1996 1450 2018 eo
1478 1990 1646 2027 geruntur
1672 1985 1717 2016 ad

302 2047 572 2082 similitudinem
599 2050 782 2083 cuiusdam
809 2051 992 2084 uanissimi
1019 2051 1159 2090 somnii,
1192 2051 1223 2084 si
1250 2051 1394 2094 quidem
1421 2051 1527 2083 rebus
1555 2049 1717 2083 humanis

302 2113 391 2145 ratio
415 2113 520 2146 nulla
544 2114 716 2148 subsistat
726 2114 745 2149 ³.

422 2203 604 2240 Ivmfflvs
630 2207 712 2251 imp.
734 2212 821 2241 orat.
839 2216 866 2241 v
884 2219 918 2252 p.
937 2207 1022 2242 162⁸
1040 2208 1118 2242 Pet.
1144 2207 1227 2247 210,
1246 2207 1267 2242 6
1285 2207 1402 2241 Hertl.
1429 2205 1524 2241 εἶναί
1548 2216 1584 2239 τι
1609 2206 1714 2247 λέγο-

303 2280 370 2310 μεν
396 2270 500 2313 ὕλην,
541 2269 634 2305 ἀλλὰ
666 2272 727 2306 καὶ
761 2272 895 2307 ἔνυλον
929 2273 1036 2314 εἶδος(
1090 2272 1183 2307 ἀλλὰ
1219 2272 1370 2306 τούτων
1399 2270 1429 2306 εἰ
1457 2271 1506 2314 μή
1532 2280 1587 2312 τις
1614 2269 1714 2305 αἰτία
1739 2281 1774 2306 3ο

301 2335 565 2378 προτέτακται,
593 2335 842 2378 λανθάνωμεν
869 2337 915 2370 ἂν
942 2336 1102 2377 ἑαυτοὺς
1129 2336 1346 2378 εἰσάγοντες
1370 2336 1441 2378 τὴν
1460 2336 1714 2378 Ἐπικούρειον

303 2399 434 2434 δόξαν·
462 2400 594 2444 ἀρχαῑν
618 2400 689 2444 γὰρ
717 2401 822 2435 δυοῖν
849 2400 881 2435 εἰ
908 2401 1024 2445 μηδέν
1053 2401 1130 2436 ἐστι
1156 2401 1425 2445 πρεσβύτερον,
1451 2401 1714 2443 αὐτόματος

301 2463 426 2515 πάντα
452 2464 573 2508 φορὰ
599 2466 659 2500 καὶ
684 2466 798 2508 τύχη
827 2466 1125 2509 συνεκλήρωσεν.

302 2527 509 2563 DIONYSIVS
536 2527 645 2573 epissc.
672 2530 822 2564 Eusebii
848 2541 969 2575 praep.
997 2541 1051 2566 eu.
1081 2539 1150 2564 xlv
1175 2531 1234 2569 24,
1256 2532 1270 2564 1
1301 2542 1334 2574 p.
1355 2528 1443 2564 773⁶
1475 2531 1557 2570 πῶς
1585 2529 1714 2563 αὐτῶν

424 2705 466 2738 12
493 2704 655 2748 ἁπάσαις
674 2705 791 2739 editur
827 2706 834 2750 1
874 2707 917 2740 13
945 2705 1174 2751 ἔμπροσθεν]
1192 2707 1381 2750 praecipue
1399 2717 1428 2739 c.
1449 2705 1470 2739 7
1489 2717 1522 2749 p.
1538 2704 1608 2738 865
1623 2716 1674 2747 sq.
1702 2703 1712 2749 Η

300 2763 347 2796 33
375 2763 512 2808 πάντα]
538 2775 593 2806 τις
620 2765 716 2799 αὐτὰ
742 2766 826 2798 iibri
