1842 3250
163 316 232 349 439

157 1302 228 1334 440

259 205 330 238 288
754 206 963 237 EPICVRI
988 205 1178 237 ETHICA

379 315 521 350 CICERO
549 317 655 349 Tusc.
682 316 774 360 disp.
803 326 830 351 V
856 317 914 354 34,
940 317 986 350 95
1012 317 1214 361 'totumque
1239 317 1309 350 hoc
1335 318 1379 350 de
1407 319 1592 362 uoluptate
1620 320 1670 352 sic

255 381 318 412 ille
344 380 527 423 praecipit,
563 385 600 412 ut
627 380 848 423 uoluptatem
875 381 989 423 ipsam
1019 391 1083 424 per
1108 392 1158 418 se,
1193 381 1275 423 quia
1303 382 1469 424 uoluptas
1497 383 1554 421 sit,
1582 394 1670 415 sem-

254 455 318 488 per
345 445 536 487 optandam
563 444 868 487 expetendamque
894 450 1005 487 putet,
1045 446 1238 487 eademque
1266 446 1402 477 ratione
1430 445 1591 478 dolorem
1621 448 1669 479 ob

254 509 291 541 id
317 509 445 552 ipsum,
485 510 568 552 quia
594 509 700 541 dolor
728 510 783 546 sit,
828 519 968 552 semper
992 520 1071 541 esse
1099 510 1317 550 fugiendum,
1350 510 1471 552 itaque
1498 509 1563 542 hac
1590 522 1670 543 usu-

254 584 330 605 rum
356 574 637 616 conpensatione
666 573 874 616 sapientem,
909 579 948 605 ut
973 580 1006 605 et
1033 574 1254 617 uoluptatem
1282 575 1405 615 fugiat,
1439 576 1468 606 si
1496 585 1536 606 ea
1563 575 1670 607 maio·
1693 583 1709 607 5

253 648 326 670 rem
348 638 509 670 dolorem
537 638 703 670 effectura
731 639 786 676 sit,
815 644 849 669 et
875 638 1038 670 dolorem
1066 638 1235 680 suscipiat
1259 639 1428 670 maiorem
1456 639 1668 671 efficientem

253 703 487 745 uoluptatem,
527 703 716 745 omniaque
748 702 914 741 iucunda,
953 713 1163 745 quamquam
1191 713 1297 734 seusu
1326 704 1484 745 corporis
1511 703 1668 735 iudicen-

254 772 320 805 tur,
347 767 391 798 ad
419 767 573 798 animum
606 767 727 798 referri
761 772 897 803 tamem
943 776 1013 807 quo
1041 765 1133 798 circa
1160 777 1288 809 corpus
1316 766 1471 806 gaudere
1498 770 1568 798 tam
1597 767 1669 804 diu,

255 830 337 862 dum
363 835 585 872 praesentem
622 830 768 862 sentiret
794 830 1027 873 uoluptatem,
1067 831 1218 862 animum
1248 837 1281 863 et
1309 836 1530 873 praesentem
1557 832 1669 874 perci-

252 905 336 937 pere
362 895 493 936 pariter
523 905 601 926 cum
635 905 785 937 corpore
815 900 848 926 et
875 895 1077 937 prospicere
1115 896 1316 927 uenientem
1348 905 1413 927 nec
1446 896 1668 937 praeteritam
1694 906 1726 928 io

251 958 499 1000 praeterfluere
529 959 663 990 sinere:
708 958 756 990 ita
791 965 982 1002 perpetuas
1019 964 1054 990 et
1086 964 1271 991 contextas
1306 959 1510 1002 uoluptates
1548 960 1583 991 in
1617 971 1669 992 sa-

251 1023 371 1066 piente
406 1023 481 1055 fore
514 1033 664 1065 semper,
709 1033 786 1054 cum
822 1024 1042 1065 exspectatio
1079 1028 1294 1066 speratarum
1332 1024 1554 1066 uoluptatum
1589 1036 1667 1056 cum

251 1094 497 1130 perceptarum
524 1088 693 1119 memoria
719 1087 952 1127 iungeretur'.

300 1216 367 1246 DE
396 1215 702 1248 VOLVPTATE
732 1216 793 1247 ET
819 1215 1028 1247 DOLORE
1055 1215 1222 1247 RECTE
1246 1215 1590 1248 AESTIMANDIS

372 1295 516 1330 CICERO
545 1297 649 1330 Tusc.
678 1296 768 1339 disp.
796 1303 840 1328 111
861 1296 917 1333 20,
937 1295 982 1328 46
1007 1295 1062 1327 ‘tu
1089 1296 1282 1338 Epicurum
1310 1296 1488 1328 existimas
1514 1297 1582 1329 ista
1607 1307 1668 1329 uo·
1697 1307 1724 1331 15

253 1361 364 1393 luisse
393 1366 451 1393 aut
477 1360 694 1392 libidinosas
722 1361 798 1392 eius
824 1361 934 1392 fuisse
962 1359 1182 1392 sententias?
1217 1370 1283 1400 ego
1309 1371 1395 1392 uero
1422 1360 1577 1393 minime.
1618 1360 1668 1392 ui·

253 1426 322 1457 deo
350 1425 442 1457 enim
469 1425 514 1456 ab
541 1436 582 1457 eo
610 1424 681 1456 dici
708 1424 819 1456 multa
847 1434 982 1462 seuere,
1009 1424 1119 1456 multa
1145 1424 1339 1467 praeclare.
1366 1424 1486 1467 itaque
1504 1428 1542 1455 ut
1561 1434 1667 1466 saepe

253 1490 338 1528 dixi,
366 1491 410 1521 de
438 1490 596 1521 acumine
624 1489 738 1529 agitur
765 1489 852 1526 eius,
878 1499 949 1520 non
977 1488 1020 1520 de
1047 1488 1216 1521 moxibus.
1251 1488 1412 1531 quamuis
1439 1493 1580 1531 spernat
1606 1498 1668 1519 uo-

251 1554 406 1597 luptates
435 1565 494 1586 eas
519 1564 607 1597 quas
634 1554 741 1585 modo
768 1553 938 1591 laudauit,
968 1563 1035 1593 ego
1062 1559 1178 1584 tamen
1205 1553 1397 1585 meminero
1425 1552 1522 1596 quod
1547 1553 1668 1584 uidea-

251 1623 307 1650 tur
333 1619 365 1650 ei
391 1629 563 1650 summum
593 1618 751 1651 bonum'.
1691 1628 1724 1652 20

249 1684 345 1715 idem
371 1684 416 1715 de
443 1683 573 1715 finibus
601 1690 626 1715 Π
661 1684 712 1721 10,
732 1681 776 1715 30
802 1681 910 1714 ‘hanc
936 1682 972 1713 in
998 1687 1097 1714 motu
1122 1682 1344 1725 uoluptatem
1371 1707 1378 1714 .
1399 1706 1407 1714 .
1427 1708 1433 1715 .
1454 1707 1461 1715 .
1489 1681 1666 1714 interdum

249 1749 298 1780 ita
324 1752 499 1786 extenuat,
527 1752 565 1779 ut
590 1747 653 1780 Μ’.
680 1747 823 1779 Curium
849 1752 952 1790 putes
979 1746 1107 1789 loqui’.

249 1813 344 1846 idem
371 1814 476 1846 Tusc.
505 1812 597 1855 disp.
624 1820 650 1845 V
678 1812 736 1850 33,
763 1812 810 1846 94
837 1812 928 1845 ‘hoc
955 1812 1037 1844 loco
1065 1811 1176 1844 multa
1202 1812 1246 1844 ab
1269 1811 1457 1854 Epicureis
1486 1811 1666 1854 disputan-

248 1882 305 1909 tur
333 1887 467 1920 eaeque
494 1876 698 1920 uoluptates
729 1876 940 1917 singillatim
969 1881 1214 1914 extenuantur,
1252 1886 1400 1919 quarum
1427 1886 1558 1916 genera
1584 1885 1666 1907 con-

248 1945 420 1979 temnunt,
446 1946 620 1984 quaerunt
646 1946 763 1973 tamen
790 1941 940 1984 copiam.
981 1951 1060 1973 nam
1088 1945 1121 1973 et
1148 1941 1347 1973 obscaenas
1373 1939 1593 1983 uoluptates,
1621 1940 1666 1972 de
1689 1946 1723 1972 25

248 2005 379 2049 quibus
411 2006 521 2038 multa
549 2006 594 2038 ab
620 2006 694 2038 illis
721 2005 874 2037 habetur
905 2006 1031 2049 oratio,
1072 2005 1200 2043 facilis,
1234 2004 1444 2043 eommunis,
1483 2003 1520 2035 in
1546 2003 1665 2036 medio

249 2069 335 2102 sitas
366 2080 446 2102 esse
477 2071 612 2108 dicunt,
653 2080 782 2113 easque
811 2071 841 2102 si
868 2075 991 2103 natura
1018 2070 1183 2113 requirat,
1222 2080 1296 2102 non
1323 2078 1455 2110 genere
1488 2074 1547 2101 aut
1580 2067 1664 2100 loco

249 2139 307 2167 aut
333 2135 471 2173 ordine,
498 2135 561 2167 sed
588 2135 700 2167 forma
725 2140 838 2167 aetate
865 2135 976 2176 figura
1001 2134 1198 2167 metiendas
1223 2139 1360 2177 putant,
1387 2133 1431 2165 ab
1450 2133 1566 2175 iisque
1586 2133 1666 2165 abs-

248 2199 361 2232 tinere
393 2200 536 2231 minime
569 2210 649 2232 esse
681 2198 842 2236 difficile,
876 2199 905 2231 si
933 2204 992 2231 aut
1019 2198 1189 2231 ualetudo
1216 2204 1275 2230 aut
1301 2198 1459 2231 officium
1485 2202 1544 2229 aut
1571 2197 1664 2229 sama

247 2263 418 2307 postulet,
458 2264 674 2307 omninoque
701 2274 812 2305 genus
847 2263 917 2296 hoc
950 2263 1173 2307 uoluptatum
1207 2262 1367 2306 optabile
1404 2272 1495 2300 esse,
1535 2261 1664 2294 sinon
1687 2268 1722 2294 30

248 2328 355 2366 obsit,
382 2328 556 2372 prodesse
579 2338 769 2372 numquam
779 2327 798 2361 ².

247 2392 341 2424 idem
369 2392 412 2425 de
439 2398 509 2426 nat.
537 2393 635 2426 deor.
662 2400 675 2425 1
696 2393 754 2431 40,
773 2393 840 2426 113
867 2392 919 2424 ‘at
944 2392 1008 2424 has
1034 2391 1191 2424 leuiores
1219 2391 1320 2423 ducis
1347 2390 1562 2433 uoluptates,
1587 2388 1664 2432 qui·

247 2457 314 2488 bus
339 2457 442 2500 quasi
469 2457 626 2490 titillatio
655 2457 817 2500 (Epicuri
846 2458 939 2490 enim
964 2457 1033 2489 hoc
1061 2457 1209 2489 uerbum
1237 2455 1307 2501 est)
1334 2456 1526 2489 adhibetur
1553 2456 1663 2488 sensi-

371 2565 414 2599 19
439 2565 547 2598 modo
576 2563 750 2609 laudauit]
779 2565 818 2599 fr.
844 2564 890 2599 67
949 2564 955 2608 l
1016 2566 1058 2598 21
1089 2565 1125 2597 in
1150 2563 1263 2608 motu]
1291 2565 1337 2598 cf.
1366 2564 1447 2598 adn.
1472 2574 1507 2607 p.
1526 2563 1585 2602 91,
1604 2562 1625 2595 4
1659 2560 1664 2605 1

246 2625 291 2658 23
320 2626 388 2658 hoc
414 2624 512 2668 loco]
540 2625 584 2658 cf.
612 2624 651 2657 fr.
671 2624 741 2658 456
792 2623 799 2668 Ι
835 2624 892 2678 ,24
915 2635 1059 2665 genera
1087 2623 1291 2664 Maduigius
1319 2623 1363 2655 ad
1390 2623 1462 2655 Cic.
1489 2621 1536 2654 de
1562 2621 1621 2654 fin.
1647 2628 1662 2654 1

249 2683 305 2723 13,
323 2683 384 2718 46:
408 2694 551 2725 genera
570 2694 642 2716 non
659 2682 744 2716 libri
780 2680 787 2727 Ι
821 2679 867 2716 25
894 2683 938 2716 cs.
958 2683 1000 2715 sr.
1015 2682 1098 2716 415.
1113 2682 1183 2716 535
1217 2680 1224 2726 l
1259 2682 1304 2716 33
1330 2679 1505 2725 titillatio]
1522 2689 1662 2723 γαργα-

244 2742 375 2786 λισμός
400 2743 442 2775 fr.
460 2740 530 2776 412
545 2752 598 2786 sq.
