1846 3288
89 371 151 404 151

136 669 154 694 5

119 1403 149 1428 15

589 247 906 280 SENTENTIAE
936 248 1188 281 SELECTAE
1551 250 1596 283 75)

210 370 365 404 XXXIV
403 360 448 404 Ἡ
482 360 621 404 ἀδικία
654 362 706 403 οὐ
738 362 829 404 καθ’
854 362 1013 415 ἑαυτὴν
1043 363 1187 414 κακόνἸ
1218 362 1313 406 ἀλλ’
1335 364 1383 406 ἐν
1404 368 1466 420 τῷ
1488 365 1596 408 κατὰ

180 434 258 485 τὴν
287 433 481 486 ὑποψίαν
511 433 651 488 φόβῳ,
684 433 719 475 εἰ
751 435 806 485 μὴ
838 435 962 485 λήσει
991 436 1095 487 τοὺς
1125 435 1235 488 ὑπὲρ
1263 438 1352 479 τῶν
1383 436 1596 481 τοιούτων

180 506 482 559 ἐφεστηκότας
513 505 745 557 κολαστάς.

207 587 341 620 xxxv
373 579 462 620 Οὐκ
484 578 576 620 ἔστι
598 578 674 620 τὸν
698 578 836 633 λάθρᾳ
857 593 895 621 τι
917 582 1119 623 κινοῦντα
1141 579 1204 623 ὧν
1225 582 1464 625 συνέθεντο
1484 584 1596 635 πρὸς

179 650 398 702 ἀλλήλους
433 650 493 702 εἰς
524 651 575 693 τὸ
606 652 660 702 μὴ
694 650 897 704 βλάπτειν
929 655 1034 704 μηδὲ
1068 653 1346 705 βλάπτεσθαι,
1376 655 1595 698 πιστεύειν

178 723 243 766 ὅτι
275 723 408 775 λήσει,
441 722 521 766 κᾶν
551 724 745 777 μυριάκις
779 725 846 766 ἐπὶ
877 727 955 767 τοῦ
987 725 1208 779 παρόντος
1238 727 1442 783 λανθάνῃ.
1475 729 1596 781 μέχρι

177 798 259 849 γὰρ
291 800 601 849 καταστροφῆς
633 796 798 848 ἄδηλον
830 796 865 839 εἰ
896 798 962 839 καὶ
995 798 1128 849 λήσει.

204 878 360 912 XXXVI
405 869 521 911 Κατὰ
557 870 635 920 μὲν
665 867 769 924 <τὸ>
800 870 946 912 κοινὸν
976 872 1083 912 πᾶσι
1113 871 1164 913 τὸ
1194 871 1360 915 δίκαιον
1390 873 1442 916 τὸ
1474 873 1594 925 αὐτό,

177 942 406 994 συμφέρον
436 941 519 993 γάρ
549 955 588 983 τι
613 941 667 992 ἦν
696 941 743 984 ἐν
771 945 822 997 τῇ
844 942 954 994 πρὸς
986 942 1205 995 ἀλλήλους
1233 945 1454 1000 κοινωνίᾳ·
1486 946 1596 988 κατὰ

176 1017 225 1058 δὲ
245 1015 295 1057 τὸ
316 1014 428 1057 ἴδιον
455 1014 601 1066 χώρας
632 1015 701 1056 καὶ
732 1012 853 1056 ὅσων
878 1015 929 1066 δή
951 1029 1057 1058 ποτε
1089 1015 1236 1059 αἰτίων
1258 1016 1311 1059 οὐ
1331 1019 1439 1060 πᾶσι
1467 1020 1596 1060 συνέ-

175 1101 300 1130 πεται
330 1088 381 1130 τὸ
412 1085 520 1129 αὐτὸ
553 1087 719 1129 δίκαιον
750 1085 869 1128 εἶναι.

203 1170 378 1203 XXXVH
423 1159 482 1203 Τὸ
515 1160 592 1211 μὲν
622 1159 1050 1211 ἐπιμαρτυρούμενον
1081 1159 1148 1202 ὅτι
1177 1162 1391 1214 συμφέρει
1422 1163 1471 1205 ἐν
1501 1166 1594 1215 ταῖς

174 1233 336 1285 χρείαις
357 1235 434 1284 τῆς
456 1233 566 1285 πρὸς
598 1232 816 1283 ἀλλήλους
848 1233 1087 1284 κοινωνίας,
1119 1233 1207 1285 ἔχει
1227 1235 1305 1277 τὸν
1326 1238 1404 1277 τοῦ
1427 1237 1593 1278 δικαίου

173 1308 434 1359 χαρακτῆρα,
461 1306 539 1348 ἑόν
561 1320 606 1348 τε
629 1306 679 1348 τὸ
703 1306 810 1348 αὐτὸ
834 1308 939 1348 πᾶσι
960 1305 1135 1357 γένηται
1157 1306 1234 1348 ἐάν
1255 1320 1301 1349 τε
1325 1308 1378 1358 μὴ
1401 1308 1450 1350 τὸ
1473 1309 1592 1351 αὐτό,

175 1380 252 1422 ἐὰν
283 1380 331 1421 δὲ
362 1378 500 1430 νόμον
530 1379 654 1429 θῆταί
685 1392 757 1430 τις.Ἰ
792 1379 845 1429 μὴ
879 1378 1092 1434 ἀποβαίνῃ
1125 1380 1173 1421 δὲ
1204 1379 1314 1421 κατὰ
1344 1380 1395 1422 τὸ
1427 1382 1593 1434 συμφέ-

172 1464 252 1503 ρον
282 1454 361 1502 τῆς
391 1451 501 1502 πρὸς
532 1450 752 1502 ἀλλήλους
783 1450 1023 1502 κοινωνίας,
1068 1451 1211 1493 οὐκέτι
1241 1455 1372 1495 τοῦτο
1404 1453 1483 1504 τὴν
1514 1455 1594 1497 τοῦ

295 1574 337 1609 13
364 1574 631 1618 κοινωνίας,
658 1576 737 1609 τῶν
760 1575 1019 1616 νομισθέντων
1045 1575 1139 1609 εἶναι
1165 1575 1320 1610 δικαίων
1348 1585 1593 1612 mmmmmx-

171 1640 251 1667 ’ΠΜ
277 1634 385 1678 capiti
411 1634 609 1667 sententiae
636 1633 851 1666 destinatum

290 1764 313 1798 2
339 1765 388 1808 μὴ
415 1764 524 1809 δήσει
550 1766 579 1798 Β
605 1765 758 1808 μελήσει
785 1767 802 1799 s
830 1768 836 1809 1
865 1765 972 1811 τοὺς]
1001 1766 1068 1809 τὰς
1094 1767 1124 1800 F
1151 1778 1208 1800 om
1235 1768 1253 1800 f
1289 1767 1306 1811 11
1347 1769 1369 1801 4
1396 1768 1592 1815 κινοῦντα]

173 1827 359 1860 ποιοῦντα
385 1824 470 1858 xibri
492 1825 497 1867 1
527 1825 737 1860 συνέθοντο
764 1826 828 1868 PQ
868 1824 886 1872 fl
930 1826 949 1860 5
977 1827 1071 1870 μηδὲ
1098 1827 1251 1869 BHPQ:
1278 1828 1338 1862 καὶ
1366 1829 1415 1860 Ff
1437 1839 1483 1871 γρ
1510 1829 1558 1862 Ρ2
1582 1830 1593 1874 Ι]

171 1883 195 1917 6
223 1883 281 1919 ὅτι
308 1882 430 1928 λήσει]
458 1884 479 1918 ὁ
507 1894 587 1917 cum
611 1884 711 1917 hiatu
738 1884 775 1917 in
798 1895 870 1928 quo
898 1896 942 1918 m.
967 1885 988 1917 2
1015 1885 1097 1928 ήσει
1124 1885 1264 1919 addidit
1290 1887 1319 1919 B
1349 1887 1356 1930 Ι
1384 1887 1444 1921 ἐπὶ
1470 1889 1591 1920 Mena-

171 1942 270 1984 gius:
304 1942 381 1976 ἀπὸ
408 1943 472 1986 BQ
504 1953 551 1986 γρ
576 1943 624 1975 P²
657 1942 732 1978 ὑπὸ
758 1944 837 1976 FPs
867 1941 975 1988 [ὑ]πὸ
1002 1945 1039 1976 Η
1077 1944 1084 1987 Ι
1123 1947 1192 1979 τοῦ
1219 1944 1409 1988 παρόντος
1439 1946 1590 1978 uocibus

172 2001 325 2046 spatium
349 2008 390 2034 Vl
417 2001 491 2034 sere
516 2001 715 2034 litterarum
742 2001 887 2045 reliquit
914 2013 1066 2036 uacuum
1091 2003 1121 2036 F
1142 2003 1149 2045 1
1170 2003 1349 2046 λαμθάνει
1375 2005 1412 2036 H
1453 2002 1470 2048 ΙΙ
1511 2003 1532 2037 7
1561 2003 1592 2039 εἰ

170 2057 247 2105 καὶ]
274 2060 370 2095 εἶναι
395 2059 426 2092 F
464 2059 481 2104 Ι]
521 2061 542 2094 8
569 2060 636 2102 μὲν
661 2060 789 2095 κοινὸν
817 2061 920 2095 libri:
952 2061 1139 2094 articulum
1166 2062 1321 2097 restituit
1347 2062 1556 2096 fras-sendus
1580 2062 1593 2107 H

173 2119 218 2153 10
243 2116 323 2163 [δή]
351 2117 479 2164 π[οτε]
508 2120 537 2152 Β
559 2117 565 2165 1
588 2118 720 2154 αἰτίων
748 2121 796 2153 B:
824 2119 956 2155 αἰτιῶν
985 2121 1116 2164 reliqui
1156 2119 1175 2166 Ι]
1218 2122 1262 2156 13
1289 2121 1364 2163 ἔχει
1385 2150 1390 2155 .
1409 2148 1441 2155 ..
1465 2123 1505 2154 14
1525 2132 1589 2164 χα-

170 2179 340 2221 ρακτῆρα
359 2187 416 2210 orn
436 2178 453 2210 s
473 2178 542 2212 τὸν
561 2204 568 2213 .
589 2204 597 2212 .
617 2188 698 2222 χαρ.
718 2189 776 2211 om
796 2189 811 2211 s
833 2177 840 2223 l
863 2179 938 2221 ἔχει
963 2179 1032 2213 τὸν
1056 2182 1126 2214 τοῦ
1151 2181 1268 2223 HPQ:
1296 2181 1372 2222 ἔχει
1399 2181 1445 2214 τὸ
1471 2183 1542 2215 τοῦ
1559 2182 1595 2214 Ε

170 2235 269 2279 ἔχειν
293 2238 363 2271 τοῦ
382 2237 411 2269 Β
446 2234 462 2279 ΙΙ
498 2237 541 2270 14
566 2235 802 2282 χαρακτῆρα]
830 2237 958 2281 χώραν
984 2239 1078 2273 εἶναι
1097 2239 1157 2270 BF
1184 2239 1293 2282 idque
1321 2238 1439 2272 effecit
1465 2238 1588 2273 addito

170 2295 207 2328 in
234 2305 293 2338 mg
317 2294 446 2339 χώραν
472 2295 538 2330 P²z
576 2296 670 2331 εἶναι
696 2296 817 2339 HP¹Q
849 2299 977 2340 χῶραν
1003 2297 1302 2330 Aldobraudinus
1340 2298 1347 2341 1
1385 2298 1451 2332 ἐάν
1476 2308 1519 2333 τε
1544 2298 1590 2332 τὸ

169 2353 266 2389 αὐτὸ
294 2356 387 2389 πᾶσι
417 2353 574 2398 γένηται
607 2354 674 2390 ἐάν
706 2365 749 2391 τε
775 2356 825 2399 μὴ
850 2355 896 2390 τὸ
923 2355 1018 2391 αὐτὸ
1047 2357 1138 2391 πᾶσι
1164 2356 1337 2400 γένηται·
1380 2356 1445 2391 ἐάν
1470 2367 1512 2391 τε
1539 2357 1589 2399 μὴ

170 2411 262 2456 (μὴν
286 2411 368 2457 PQ)
397 2413 444 2448 τὸ
476 2413 572 2448 αὐτὸ
608 2424 679 2447 uno
713 2414 896 2459 archetypi
932 2425 1037 2447 uersu
1072 2414 1266 2448 oscitanter
1297 2415 1426 2448 iterato
1457 2416 1590 2458 BHPQ

170 2471 237 2506 ἐάν
262 2463 305 2506 τε
333 2471 427 2506 αὐτὸ
461 2474 555 2507 πᾶσι
586 2473 637 2516 μὴ
669 2473 855 2515 γένοιται·
882 2474 912 2505 F
951 2473 1017 2508 ἐάν
1042 2483 1085 2507 τε
1110 2473 1156 2508 τὸ
1182 2473 1274 2508 αὐτὸ
1309 2475 1401 2509 πᾶσι
1435 2475 1591 2517 γένηται

172 2529 239 2565 ἐὰν
263 2540 306 2565 τε
331 2530 377 2565 τὸ
403 2531 498 2565 αὐτὸ
524 2533 616 2566 πᾶσι
643 2532 694 2575 μὴ
719 2532 875 2574 γένηται
898 2533 915 2564 f
951 2531 967 2575 1]
1014 2533 1055 2565 15
1081 2532 1146 2566 ἐὰν
1174 2532 1214 2566 δὲ
1241 2542 1299 2566 om
1326 2543 1342 2565 s
1368 2532 1436 2567 ἐάν
1460 2543 1503 2568 τε
1528 2544 1591 2577 po-

170 2589 320 2623 steriora
339 2589 511 2634 Stephani
534 2591 695 2634 exempla
716 2590 722 2634 Ι
745 2591 862 2633 μόνον
888 2590 1000 2633 Θῆταί
1025 2601 1082 2632 τις
1107 2591 1191 2624 libri
1216 2593 1468 2635 νομοτεθῆται
1491 2593 1528 2627 τί
1552 2592 1570 2625 f
1586 2591 1592 2637 j

170 2645 359 2691 ἀποβαίνῃ
384 2649 455 2683 Hs:
484 2648 679 2692 ἀποβαίνει
706 2649 838 2694 reliqui
859 2650 865 2692 Ι
889 2648 946 2696 δὲ]
972 2650 1019 2693 δὴ
1045 2651 1110 2694 BQ

294 2707 336 2741 17
363 2706 508 2743 δίκαιον
535 2709 589 2741 Bs
608 2720 665 2742 om
685 2709 709 2743 f.
740 2707 895 2744 δικαίων
922 2707 1001 2754 (ὃν,
1027 2708 1166 2754 τοῦτο)
1194 2709 1415 2743 Meibomius
1442 2715 1591 2743 structu-

171 2775 244 2799 tam
270 2765 462 2800 uerborum
489 2767 640 2801 fulciens
