1842 3250
708 219 915 252 EPICVRI
943 219 1207 253 CANONICA
1598 217 1666 251 189

253 333 552 366 admonitionem:
581 334 692 366 altera
719 335 858 367 occulta
885 335 1057 377 quaedam
1079 339 1118 371 ,et
1144 334 1248 376 quasi
1271 333 1432 365 inuoluta
1451 333 1590 376 aperiri,
1618 332 1665 364 al-

249 403 323 430 tera
339 405 503 441 prompta
521 404 555 430 et
575 403 696 441 aperta
715 399 875 431 iudicari.
904 400 1032 431 etenim
1059 399 1225 442 quoniam
1254 398 1421 430 detractis
1448 397 1494 429 de
1519 397 1664 430 homine

250 462 415 494 sensibus
435 462 560 494 relicui
579 462 671 494 nihil
691 468 756 501 est,
784 473 932 495 necesse
950 467 1016 501 est,
1043 463 1127 505 quid
1148 468 1206 494 aut
1226 462 1268 494 ad
1289 467 1445 494 naturam
1466 470 1524 494 aut
1543 468 1666 494 contra

247 527 303 565 sit,
330 538 349 559 a
375 532 497 559 natura
522 528 598 569 ipsa
623 527 799 560 iudicari‘.

152 605 222 638 257
370 605 513 641 CICERO
541 609 586 647 de
613 608 743 641 finibus
771 617 801 642 11
829 610 860 648 2,
881 610 902 642 6
945 610 1156 653 ‘Epicurum
1190 635 1224 643 ..
1245 636 1252 642 .
1275 636 1282 642 .
1315 609 1376 652 qui
1410 609 1535 642 crebro
1569 609 1665 641 dicat

249 671 442 713 diligenter
468 677 633 715 oportere
655 674 821 718 exprimi,
849 684 938 717 quae
968 675 1021 706 uis
1049 675 1212 706 subiecta
1239 675 1284 707 sit
1311 674 1462 706 uocibus
1473 674 1491 706 '.

249 734 446 769 mews
473 735 583 770 DmG.
611 744 637 769 x
666 738 707 771 31
754 739 824 780 τὴν
852 739 1087 781 διαλεκτικὴν
1115 739 1167 780 ὡς
1192 739 1456 782 παρέλκουσαν
1485 739 1665 773 duchon·
1732 747 1734 751 ·

250 799 431 841 μάζουσιν
476 800 604 844 ἀρκεῖν
631 802 704 845 γὰρ
730 803 820 843 τοὺς
838 803 1023 845 φυσικοὺς
1041 806 1176 846 χωρεῖν
1203 804 1299 837 κατὰ
1325 804 1415 844 τοὺς
1440 806 1518 837 τῶν
1546 814 1663 847 πραγ·

247 865 377 907 μάτων
403 866 608 908 φθόγγους.

151 946 222 979 258
366 945 587 981 EROTIANVS
606 947 773 989 glossarii
789 950 963 992 Hippocr.
982 951 1092 992 praef.
1112 961 1145 993 p.
1161 951 1219 989 34;
1237 950 1279 983 10
1293 950 1420 984 Klein.
1440 950 1472 984 εἰ
1489 950 1562 994 γὰρ
1580 951 1663 992 μὲλ-

248 1015 376 1054 λοιμεν
401 1012 468 1053 τὰς
495 1014 585 1046 πᾶσι
612 1013 896 1054 γινωσκομὲνας
923 1014 1107 1048 ἑξαπλοῠν
1126 1015 1269 1056 φωνάς,
1297 1015 1319 1056 ἤ
1339 1025 1398 1048 τοι
1418 1015 1542 1055 πάσας
1560 1014 1663 1056 ὀφει-

246 1077 412 1120 λήσομεν
449 1077 704 1120 ἐξηγήσασθαι
731 1078 753 1119 ἢ
782 1078 897 1119 τινάς.
949 1078 1042 1112 ἀλλὰ
1074 1079 1198 1120 πάσας
1225 1080 1292 1121 μὲν
1319 1079 1521 1122 ἀδύνατον,
1559 1080 1665 1121 τινὰς

248 1141 289 1176 δὲ
316 1142 376 1176 καὶ
402 1141 523 1176 κενόν.
552 1142 574 1183 ἢ
604 1142 675 1184 γὰρ
703 1142 762 1175 διὰ
790 1142 966 1184 συνήθων
996 1144 1261 1185 ἐξαπλώσομεν
1288 1144 1404 1185 αὐτὰς
1431 1144 1611 1187 ῥημάτων
1639 1145 1661 1186 ἢ

247 1206 309 1240 διὰ
340 1208 419 1240 τῶν
453 1207 501 1248 μὴ
537 1206 732 1248 συνήθων·
777 1206 856 1241 ἀλλ’
890 1207 927 1240 αἱ
959 1209 1025 1248 μὲν
1061 1208 1261 1250 ἀσυνήθεις
1295 1207 1346 1248 εἰς
1379 1211 1496 1242 τοῦτο
1530 1208 1664 1251 ἀφυεῖς

193 1281 224 1307 15
249 1270 451 1314 φαίνονται
480 1290 522 1295 -
552 1271 685 1306 δεκτὸν
712 1272 783 1315 γὰρ
810 1272 857 1306 τὰ
884 1271 1001 1314 ἧττον
1028 1274 1290 1314 γινωσκόμενα
1324 1273 1383 1307 διὰ
1416 1275 1494 1307 τῶν
1521 1275 1663 1315 μᾶλλον

246 1337 540 1378 γινωσκομένων
567 1336 752 1371 ἑξαπλοῡν
780 1355 841 1371 -,
869 1337 907 1370 αἱ
934 1338 974 1371 δὲ
1001 1338 1175 1380 συνήθεις
1202 1341 1255 1381 τῷ
1284 1337 1341 1372 ἐπ’
1359 1337 1444 1381 ἴσης
1470 1339 1565 1372 εἶναι
1591 1349 1663 1382 φα-

246 1401 352 1444 νεραὶ
384 1400 478 1444 πρὸς
504 1401 549 1435 τὸ
576 1401 786 1444 δηλωτικὸν
817 1403 884 1443 τῆς
919 1402 1115 1445 ἑρμηνείας
1144 1403 1213 1436 οὐκ
1247 1403 1399 1436 ἔσονται
1428 1403 1660 1447 <χρήσῑμοι>,

247 1465 299 1506 ὥς
323 1474 441 1508 φησιν
468 1465 704 1509 Ἐπίκουρος·
732 1466 939 1501 ἀπόλλυται
966 1467 1038 1510 γὰρ
1068 1467 1170 1508 ἰδίως
1196 1469 1264 1510 τῆς
1292 1468 1490 1511 ἑρμηνείας
1517 1469 1561 1502 τὸ
1588 1479 1660 1511 φα-

246 1529 376 1572 νερόν,
417 1529 510 1563 ὅταν
548 1529 622 1563 ὑπὸ
662 1531 777 1571 λόγου
813 1531 909 1564 καθά
944 1541 1014 1574 περ
1052 1531 1154 1572 τινὸς
1194 1531 1334 1566 οἰκείου
1376 1533 1661 1577 μαγγανεύηται

190 1605 225 1632 20
247 1593 461 1637 φαρμάκου.

151 1675 223 1708 259
366 1675 515 1709 Smx‘rvs
543 1687 632 1719 emp.
660 1676 739 1709 adu.
769 1677 924 1718 dogmat.
954 1685 980 1710 11
1007 1677 1128 1715 (math.
1149 1678 1234 1720 vm)
1262 1672 1331 1711 258
1368 1679 1516 1722 ὁρῶμεν
1545 1680 1584 1714 δὲ
1613 1680 1663 1721 ὡς

248 1738 320 1775 εἰσί
351 1750 450 1781 τινες
484 1740 518 1775 οἱ
552 1740 785 1784 ἀνῃρηκότες
819 1742 889 1783 τὴν
924 1742 1079 1784 ὕπαρξιν
1116 1745 1194 1775 τῶν
1229 1745 1392 1785 λεκτῶν,
1433 1745 1492 1777 καὶ
1525 1745 1596 1787 οὐχ
1629 1744 1665 1779 οἱ

249 1805 461 1848 ἑτερόδοξοι
491 1804 619 1847 μόνον,
646 1804 734 1840 οἷον,
757 1805 792 1839 οἱ
818 1805 1062 1848 Ἐπικούρειοι
1094 1825 1159 1840 -.

253 1868 508 1903 ΡῐΝΤΑΒοΗνε
541 1871 620 1903 adu.
653 1870 806 1902 Coloten
834 1871 878 1903 22
905 1869 1068 1914 p.1119f
1105 1870 1205 1912 τίνες
1237 1874 1376 1913 μᾶλλον
1409 1874 1515 1914 ὑμῶν
1549 1873 1664 1915 (Ἐπι-

191 1942 228 1969 25
249 1934 429 1978 κούρειοι)
456 1937 717 1977 πλημμελοῦσι
744 1936 828 1978 περὶ
856 1936 925 1977 τὴν
953 1936 1159 1978 διάλεκτον,
1195 1935 1230 1969 οἳ
1258 1937 1302 1970 τὸ
1329 1939 1407 1970 τῶν
1434 1940 1578 1972 λεκτῶν
1604 1940 1663 1979 γέ·-

248 2009 314 2040 νος
339 1998 472 2033 οὐσίαν
499 2003 553 2043 τῷ
580 2000 682 2044 λόγῳ
708 2000 874 2043 παρέχον
902 2000 1021 2043 ἄρδην
1048 2000 1246 2043 ἀναιρεῖτε,
1288 2002 1368 2042 τὰς
1400 2003 1554 2044 φωνὰς
1589 2005 1664 2037 καὶ

249 2064 303 2098 τὰ
327 2063 627 2106 τυγχάνοντα
660 2047 776 2104 μόνον
810 2064 1139 2106 ἀπολιπόντες,
1178 2065 1226 2099 τὰ
1253 2066 1293 2100 δὲ
1321 2067 1457 2107 μεταξὺ
1485 2068 1666 2109 σημαινό-

250 2138 344 2170 μενα
370 2128 585 2171 πράγματα,
627 2129 673 2163 δι’
698 2129 754 2162 ὧν
780 2127 950 2169 γίνονται
977 2128 1156 2171 μαθήσεις
1188 2131 1422 2165 διδασκαλίαι
1455 2132 1664 2176 προλήψεις

249 2192 402 2235 νοήσεις
427 2193 538 2236 ὁρμαὶ
565 2193 868 2235 συγκαταθέσεις,
896 2194 941 2227 τὸ
968 2194 1148 2236 παράπαν
1176 2195 1264 2229 οὐδὲ
1292 2196 1387 2230 εἶναι
1413 2196 1604 2238 λέγοντες

193 2268 228 2294 30
251 2255 398 2301 [Sextus
417 2258 535 2300 dogm.
556 2266 584 2291 11
603 2257 725 2300 (math.
747 2258 835 2300 vm)
854 2259 895 2291 13
921 2258 956 2292 οἱ
975 2259 1015 2293 δὲ
1034 2260 1119 2302 περὶ
1136 2261 1203 2293 τὸν
1222 2260 1442 2303 Ἐπίκουρον
1469 2261 1530 2295 καὶ
1548 2261 1663 2304 Στρά-

249 2331 355 2356 τωνα
381 2323 449 2356 τὸν
474 2323 636 2364 φυσικὸν
664 2324 732 2357 δύο
759 2325 875 2364 μόνον
903 2323 1184 2366 ἀπολείποντες,
1211 2326 1396 2367 σημαῖνόν
1423 2336 1464 2360 τε
1490 2327 1550 2360 καὶ
1575 2337 1664 2368 τυγ-

374 2456 418 2489 13
453 2456 512 2489 καί
543 2455 668 2501 κενόν]
702 2456 845 2490 δίκαιον
872 2457 956 2488 libri
995 2457 1040 2490 οὐ
1074 2456 1216 2491 δίκαιον
1250 2459 1464 2490 Eustachius
1499 2459 1620 2502 inepte
1658 2457 1664 2499 Ι

254 2513 297 2547 15
323 2514 402 2548 fort.
432 2513 575 2549 δίκαιον
631 2512 655 2557 ς’
695 2515 737 2548 16
763 2518 818 2560 τῷ
845 2515 1104 2559 HStephanus:
1139 2517 1183 2550 τὸ
1211 2517 1296 2549 libri
1351 2515 1357 2559 ί
1415 2518 1458 2551 18
1487 2518 1565 2551 fort.
1593 2517 1665 2561 γάρ

251 2583 334 2615 πως
371 2574 377 2615 Ι
419 2574 461 2607 19
488 2573 597 2619 ὅταν]
624 2575 680 2608 ὅθ’
701 2576 783 2607 libri
825 2574 840 2618 Η
882 2575 928 2608 26
953 2576 1183 2618 παρέχοντες
1203 2576 1286 2608 libri
1312 2577 1559 2619 παρεχόντων
1578 2578 1666 2610 Gas-

252 2632 386 2664 sendus
411 2643 444 2676 p.
467 2633 537 2666 117
594 2634 600 2676 1
656 2634 700 2667 81
728 2634 772 2667 cf.
800 2634 887 2666 ibid.
920 2634 960 2666 12
993 2637 1177 2676 σημαῖνον
1204 2636 1272 2676 μὲν
1299 2636 1392 2670 εἶναι
1418 2636 1489 2683 τῂν
1515 2636 1663 2679 φωνήν,

250 2688 333 2725 οἷον
358 2691 428 2734 τὴν
455 2691 561 2726 Δίων
589 2719 708 2735 .....
745 2693 936 2735 τυγχάνον
964 2693 1004 2727 δέ
1030 2694 1076 2727 τὸ
1102 2694 1210 2735 ἐκτὸς
1237 2695 1497 2738 ὑποκείμενον,
1535 2695 1661 2740 ὥςπερ

251 2750 367 2792 αὐτὸς
392 2751 413 2785 ό
441 2750 547 2786 Δίων
