1842 3250
217 1220 287 1253 218

313 270 328 301 1
335 268 380 302 68
713 266 919 300 EPICVRI
943 267 1321 300 TESTAMENTVM

309 385 568 436 προείλοντο
599 384 646 425 ἐν
676 383 933 437 φιλοσοφίᾳ,
966 384 1151 434 μηδενὸς
1177 385 1265 424 τῶν
1291 382 1537 433 ἀναγκαίων
1559 385 1721 435 ἐνδεεῖς

311 457 638 506 καθεστήκωσιν
668 457 786 507 παρὰ
817 457 895 506 τὴν
925 456 1140 508 ἡμετέραν
1171 456 1362 507 δύναμιν.
1394 456 1564 499 Δοῦναι
1592 458 1647 499 δὲ,
1668 458 1721 499 τὰ
1747 474 1809 506 (21)

312 530 450 582 βιβλία
488 530 540 570 τὰ
570 529 822 580 ὑπάρχοντα
860 529 958 580 ἡμῖν
994 529 1137 571 πάντα
1168 528 1412 584 Ἑρμάρχῳ.
1472 529 1574 571 Ἐὰν
1605 531 1652 571 δέ
1683 543 1722 571 τι

310 604 398 643 τῶν
430 601 715 653 ἀνθρωπίνων
740 603 836 653 περὶ
857 601 1105 654 Ἕρμαρχον
1136 603 1310 653 γένηται
1340 603 1425 654 πρὸ
1456 605 1534 644 τοῦ
1556 603 1608 644 τὰ
1630 601 1721 654 Μη-

310 675 537 726 τροδώρου
568 675 715 716 παιδία
749 675 809 725 εἰς
840 675 1005 726 ἡλικίαν
1043 676 1194 727 ἐλθεῖν,
1241 678 1392 717 δοῦναι
1423 674 1723 727 Ἀμυνόμαχον
1748 688 1765 715 5

312 748 380 788 καὶ
412 747 666 799 Τιμοκράτη,
698 747 819 799 ὅπως
850 747 903 789 ἂν
934 748 1260 790 εὐτακτούντων
1294 749 1438 790 αὐτῶν
1469 748 1632 790 ἕκαστα
1663 749 1722 798 γί-

311 834 434 871 νηται
465 822 552 862 τῶν
585 820 845 869 ἀναγκαίων,
877 820 986 862 κατὰ
1017 821 1067 862 τὸ
1099 822 1287 863 δυνατὸν
1317 820 1404 862 ἀπὸ
1435 823 1523 862 τῶν
1545 823 1723 863 καταλε·

312 894 551 944 λειμμένων
579 892 651 944 ὑφ’
675 893 797 943 ἡμῶν
827 893 1074 945 προσόδων.
1108 894 1175 934 καὶ
1202 896 1291 935 τῶν
1323 895 1486 935 λοιπῶν
1518 892 1724 935 ἁπάντων

312 967 372 1017 ὼς
403 967 728 1017 συντετάχαμεν
761 967 1144 1018 ἐπιμελείσθωσαν,
1176 967 1297 1017 ὅπως
1320 966 1372 1008 ἂν
1393 967 1502 1008 κατὰ
1528 967 1578 1008 τὸ
1607 967 1723 1008 ἐνδε-

313 1040 499 1091 χόμενον
531 1040 694 1082 ἕκαστα
724 1041 927 1091 γίγνηται.
959 1039 1128 1092 Ἀφίημι
1157 1041 1205 1082 δὲ
1236 1043 1324 1081 τῶν
1353 1040 1521 1082 παίδων
1553 1040 1723 1082 ἑλεύθε-
1751 1052 1784 1078 1⁰

314 1127 390 1164 ρον
408 1113 518 1164 Μῦν,
538 1113 696 1163 Νικίαν,
714 1113 904 1154 Λύκωνα.
931 1112 1083 1164 ἀφίημι
1105 1114 1152 1154 δὲ
1175 1113 1243 1154 καὶ
1260 1112 1467 1164 Φαίδριον
1489 1112 1724 1167 ἐλευθερίᾳ.

433 1215 632 1249 AELJANVS
647 1214 704 1258 (fr.
717 1215 761 1247 39
776 1226 809 1256 p.
823 1214 905 1252 201,
919 1215 953 1256 1)
969 1214 1100 1246 Suidae
1116 1225 1148 1247 u.
1162 1213 1379 1257 Ἐπίκουρος
1393 1226 1427 1257 p.
1440 1214 1521 1252 418,
1536 1214 1579 1248 12
1595 1214 1725 1248 Bernh.

313 1281 416 1313 οὕτω
444 1279 483 1313 δέ
511 1279 583 1322 ἄρα
610 1279 656 1321 ἦν
684 1279 824 1320 ἡδονῆς
850 1280 977 1320 ἥττων
1004 1279 1025 1312 ὁ
1050 1278 1277 1322 Ἐπίκουρος,
1306 1279 1399 1320 ι’ύςτε
1429 1279 1487 1312 διὰ
1511 1280 1590 1313 τῶν
1618 1278 1726 1321 ἐσχά-

312 1355 391 1378 των
422 1344 462 1378 ἐν
488 1347 568 1384 ταῖς
596 1343 789 1386 διαθήκαις
823 1344 941 1378 αὐτοῦ
968 1344 1111 1387 ἔγραψε
1139 1346 1194 1387 τῷ
1224 1344 1290 1385 μὲν
1316 1345 1429 1387 πατρὶ
1457 1344 1516 1377 καὶ
1541 1346 1588 1386 τῇ
1616 1343 1726 1386 μητρὶ

314 1410 374 1443 καὶ
400 1412 479 1449 τοῖς
513 1409 691 1451 ἀδελφοῖς
725 1408 906 1449 ἐναγίζειν
943 1408 1040 1442 ἅπαξ
1067 1411 1136 1442 τοῦ
1163 1409 1282 1451 ἔτους,
1323 1409 1383 1442 καὶ
1409 1408 1658 1451 Μητροδώρῳ
1686 1407 1726 1441 δέ
1754 1412 1786 1440 15

314 1475 374 1508 καὶ
392 1472 597 1518 Πολυαίνῳ
623 1476 702 1514 τοῖς
727 1473 1024 1516 προειρημένοις.
1053 1474 1177 1516 ἑαυτῷ
1204 1474 1243 1507 δὲ
1270 1474 1418 1515 δισσῶς,
1446 1473 1521 1507 ὑπὸ
1540 1474 1608 1515 τῆς
1627 1471 1726 1506 ἀσω-

313 1537 394 1579 τίας
422 1538 468 1571 τὸ
500 1538 617 1571 πλέον
649 1540 844 1580 προτιμῶν
877 1539 938 1571 καὶ
972 1537 1136 1571 ἐνταῦθα
1163 1539 1183 1572 ὁ
1212 1538 1348 1580 σοφός·
1402 1538 1462 1571 καὶ
1499 1537 1727 1580 τραπέζας

313 1602 447 1637 λίθου
484 1604 766 1644 πεποιῆσθαι
804 1603 862 1643 ὡς
899 1602 1174 1644 ἀναθήματά
1199 1603 1322 1637 τεέν
1347 1605 1407 1645 τῷ
1433 1601 1565 1647 τάφῳ
1591 1601 1728 1645 προσέ-

313 1669 399 1701 ταξε
425 1668 620 1708 τεθῆναι
647 1668 666 1701 ὁ
693 1668 905 1710 προτένθης
929 1677 971 1701 τε
997 1668 1057 1701 καὶ
1084 1666 1285 1709 ὀψοφάγος
1311 1667 1434 1708 οὗτος.

314 1730 568 1764 PLVTARcuvs
596 1732 640 1763 de
667 1732 806 1763 occulte
833 1732 990 1763 uiuendo
1018 1732 1038 1765 3
1065 1743 1098 1774 p.
1121 1731 1230 1764 1129a
1256 1732 1349 1774 μηδὲ
1377 1731 1584 1766 διατάσσου
1612 1730 1728 1774 (Ἐπί-
1752 1743 1787 1770 20

315 1796 443 1839 κουρε)
463 1797 546 1839 περὶ
565 1797 700 1838 ταφῆς.
726 1794 762 1829 τί
780 1796 852 1838 γὰρ
877 1795 914 1829 αἱ
933 1795 1054 1829 κοιναὶ
1080 1795 1277 1838 τράπεζαι;
1304 1795 1339 1830 τί
1367 1796 1407 1830 δέ
1433 1795 1471 1830 αἱ
1495 1797 1574 1830 τῶν
1600 1795 1728 1838 ἐπιτη-

315 1859 426 1895 δείων
453 1861 514 1894 καὶ
540 1862 666 1895 καλῶν
693 1860 865 1900 σύνοδοι;

440 2012 454 2043 1
485 2009 725 2054 προείλονται
752 2011 781 2043 F
803 2012 808 2050 ἰ
832 2009 1064 2055 ἀναγκαίων]
1092 2009 1275 2044 ἐναντίων
1301 2010 1331 2042 Β
1358 2011 1651 2053 κατεστηκότων
1678 2011 1695 2043 f
1720 2007 1731 2055 l}

316 2070 338 2103 2
365 2071 650 2112 καθεστηκῶσιν
678 2071 707 2101 Β
737 2072 1020 2113 κατεστηκῶσιν
1048 2071 1071 2112 s,
1099 2070 1131 2102 G
1153 2070 1158 2110 Ι
1180 2068 1299 2113 παρὰἶ
1324 2068 1383 2104 ἐπὶ
1410 2070 1495 2101 libri
1536 2066 1553 2114 ΙΙ
1596 2069 1616 2102 3
1643 2068 1731 2111 ἡμῖν

317 2140 375 2161 om
401 2130 418 2160 f
435 2129 441 2172 ζ
463 2128 588 2163 πάντα
615 2139 672 2160 om
690 2129 720 2160 F
742 2129 747 2171 1
770 2128 944 2172 ἐνμάρχω
972 2129 1001 2160 F
1039 2126 1057 2173 Η
1097 2129 1120 2162 4
1145 2128 1300 2171 γένηται
1319 2129 1364 2160 F:
1390 2127 1538 2171 γίνηται
1566 2128 1696 2171 reliqui
1719 2126 1732 2172 ῃ

317 2188 338 2221 5
365 2187 509 2231 ἠλικίαν
528 2189 574 2220 F¹
597 2187 603 2231 Ι
625 2187 869 2230 ἀμυνόμαχον
889 2198 994 2231 supra
1010 2188 1296 2220 terminationem
1324 2187 1456 2231 scripto
1476 2197 1507 2220 ω
1526 2188 1555 2220 Β
1588 2186 1604 2230 ΙΙ
1637 2187 1659 2220 6
1677 2198 1731 2222 τι-

317 2247 486 2291 μοκράτη
513 2249 609 2288 (sscr.
630 2248 674 2286 ει)
699 2248 729 2278 Β
753 2246 994 2290 τιμοκράτ(η)
1023 2257 1102 2278 cum
1128 2256 1230 2289 conp.
1256 2246 1319 2279 P¹:
1347 2245 1578 2289 τιμοκράτην
1604 2245 1652 2278 1³²
1677 2256 1731 2278 ce-

317 2307 454 2348 terique
475 2304 481 2350 1
503 2306 659 2348 γένηται
677 2306 775 2337 FP2f
804 2305 819 2349 ΙΙ
853 2306 873 2338 7
902 2304 992 2350 ἀπὸ]
1021 2305 1096 2339 ἀπὸ
1123 2305 1164 2339 δὲ
1191 2305 1222 2338 G
1245 2305 1251 2347 Ι
1273 2305 1614 2347 καταλελημμένων
1633 2305 1700 2337 B¹f
1721 2302 1732 2350 3!

316 2366 338 2398 9
366 2365 416 2406 ὡς
444 2365 524 2397 BG:
551 2364 606 2398 ὧν
633 2365 787 2406 FPQHs
811 2365 817 2407 1
845 2363 907 2408 ἂν]
935 2364 981 2406 δὴ
1008 2364 1092 2396 libri
1133 2362 1150 2409 Η
1195 2363 1238 2397 10
1262 2363 1436 2406 γίγνηται
1461 2364 1554 2396 BFs:
1581 2362 1731 2406 γίνηται

318 2423 426 2455 ceteri
461 2422 475 2466 ΙΙ
516 2425 552 2456 11
583 2422 685 2469 Μῦν]
714 2424 801 2466 ἡμῖν
828 2424 844 2455 f
865 2433 911 2466 γρ
936 2433 996 2465 mg
1020 2423 1067 2455 P²
1089 2423 1095 2465 1
1117 2422 1293 2466 φαίδριον
1321 2434 1378 2455 om
1403 2422 1457 2455 Ηι
1483 2421 1647 2466 φαίδραν
1675 2422 1706 2456 G
1728 2420 1734 2467 Ι

319 2481 533 2526 ἐλευθερίαν
551 2482 732 2525 BF2P192
760 2483 938 2525 ἐλευθέρα
962 2483 1006 2514 F¹
1034 2482 1236 2525 ἐλευθέραν
1255 2482 1393 2515 P²GHf
1423 2482 1438 2527 ΙΙ
1476 2482 1615 2516 12-17
1639 2492 1731 2525 προ-

316 2543 436 2583 τιμῶν
462 2542 572 2574 habet
597 2542 726 2574 Suidas
754 2542 858 2574 etiarn
885 2553 921 2576 u.
946 2543 1086 2584 ἥττων.
1120 2542 1163 2575 cs.
1190 2547 1328 2575 testam.
1355 2539 1372 2586 ξ
1395 2541 1438 2574 18
1494 2538 1512 2586 ΙΙ
1572 2540 1615 2574 16
1639 2539 1730 2584 ὑπὸ]

319 2599 437 2635 εἰπεῖν
455 2601 584 2634 Suidas
607 2612 641 2635 ιι.
661 2600 888 2644 Ἐπίκουρος,
915 2602 1047 2634 omittit
1063 2613 1098 2635 u.
1116 2601 1244 2643 ἥττων
1287 2600 1302 2644 ΙΙ
1346 2600 1389 2634 17
1416 2600 1460 2632 de
1485 2610 1608 2632 mensa
1634 2609 1733 2631 sacra

318 2660 356 2691 in
375 2660 540 2703 sepulcro
561 2661 775 2693 exstruenda
801 2665 894 2692 tacet
909 2664 1156 2693 testam-ntum
1176 2660 1319 2701 Laertii,
1347 2659 1480 2691 dictum
1497 2658 1610 2691 fuisse
1630 2668 1733 2701 opor-

319 2723 369 2751 tet
395 2718 430 2750 in
458 2719 509 2750 eis
535 2719 662 2751 litteris
688 2729 779 2763 quae
805 2723 1041 2751 memorantur
1067 2729 1100 2761 p.
1122 2717 1202 2757 165,
1220 2717 1243 2752 4
1284 2716 1299 2762 ΙΙ
1345 2717 1386 2750 18
1413 2715 1540 2759 λίθους
1565 2716 1649 2749 libri

1825 3030 1833 3134 αυι-,.-,
1830 3007 1833 3011 .
1830 2978 1836 2984 ,
