1846 3288
279 215 388 247 XLII
842 213 1132 246 PRAEFATIO

280 332 349 370 sel.
383 329 500 380 (diss.
532 332 662 372 Bonn.
695 327 822 381 1882)
852 343 890 380 p.
924 331 974 368 37
999 342 1057 380 sq.
1087 336 1128 368 et
1149 329 1201 370 H.
1224 331 1277 369 de
1302 331 1479 369 Rohden
1510 330 1550 368 in
1573 329 1692 367 Com·

278 399 600 438 mentationibus
632 398 839 437 societatis
870 397 1104 446 philologae
1131 397 1361 436 Bonnensis
1394 410 1428 437 a.
1463 398 1570 436 1873
1604 396 1692 434 edi-

279 466 330 503 tis
362 466 477 515 p.'73
504 478 563 515 sq.
597 467 661 511 87,
707 465 871 515 Epicuri
917 471 1054 502 autem
1097 477 1222 502 unum
1264 465 1410 502 saltem
1451 470 1586 502 exstat
1634 469 1694 501 te·

278 532 511 571 stimonium
548 534 588 570 in
630 533 729 570 libro
765 543 808 570 π.
837 528 942 581 φύσ.
984 537 1141 570 XXVIII
1178 528 1278 568 VH2
1306 538 1356 572 VI
1383 531 1409 570 f.
1441 532 1509 578 51,
1543 531 1595 569 10
1624 526 1694 568 καί

279 596 382 650 τ[οι]
410 611 458 647 γε
489 598 569 640 οὐκ
600 597 961 650 ἑ[π]ελελόγιστο;
1014 599 1194 647 denique
1226 600 1293 648 63,
1315 601 1367 638 22
1398 596 1439 638 οἱ
1470 597 1552 647 γὰρ
1584 595 1692 637 λιτοὶ

280 666 427 716 χυλοὶ
456 664 574 715 ἴσην
593 666 821 706 πολυτελεῖ
836 663 973 718 διαίτῃ
991 663 1069 714 τὴν
1087 662 1242 714 ἀηδίαν
1269 664 1555 715 ἐπιφέρουσιν
1571 676 1694 714 quem

279 736 413 773 locum
445 746 570 772 unum
600 735 756 784 reliqui,
797 734 989 782 quoniam
1032 734 1272 771 uiolentiore
1310 734 1487 778 medela,
1521 733 1692 771 traiecto

279 803 489 840 adiectiuo
518 799 619 850 ἴσην
649 807 743 851 post
776 797 931 849 ἀηδίαν
963 812 1066 850 opus
1097 807 1169 840 est.

393 869 454 907 his
486 868 844 906 obseruationibus
874 880 958 905 non
989 868 1108 905 mirer
1144 868 1176 904 si
1213 868 1303 917 quis
1339 868 1490 905 abusus
1522 874 1692 917 propter

279 938 410 987 ipsam
446 936 523 974 stili
564 935 812 984 elegantiam
853 935 905 972 ab
947 934 1127 984 Epicuro
1170 947 1253 972 non
1293 935 1423 972 solum
1464 935 1694 983 neglectam

280 1004 355 1041 sed
385 1003 509 1041 etiam
546 1009 825 1052 contemptam
857 1002 929 1048 (cf.
953 1014 990 1051 p.
1015 1002 1082 1046 88,
1108 1000 1179 1050 17)
1211 1003 1425 1051 epistulam
1459 1003 1620 1039 tertiam
1652 1003 1692 1038 in

280 1071 553 1120 suspicionem
588 1076 723 1106 uocet.
773 1080 923 1118 nempe
945 1068 1096 1106 multos
1120 1068 1327 1118 hodieque
1349 1068 1461 1112 latet,
1493 1075 1692 1117 quantum

280 1137 497 1174 discrimen
530 1137 634 1173 inter
668 1137 752 1173 duo
784 1136 982 1174 sermonis
1014 1136 1217 1184 pedestris
1256 1147 1410 1185 genera
1450 1135 1695 1179 intercedat,

279 1218 385 1254 quae
414 1217 465 1241 ex
498 1203 730 1241 Aristotelis
759 1210 945 1252 tempore
969 1216 992 1240 a
1013 1203 1277 1252 scriptoribus
1298 1203 1458 1251 graecis
1488 1215 1571 1240 non
1593 1215 1695 1252 pau-

280 1273 336 1309 cis
367 1272 482 1308 simul
515 1271 592 1308 coli
624 1271 835 1308 uidemus:
868 1283 940 1307 eos
977 1271 1070 1308 dico
1112 1271 1232 1308 libros
1264 1281 1368 1318 quos
1405 1270 1568 1319 publice
1597 1271 1695 1307 ede·

283 1339 383 1375 bant
405 1344 449 1375 ut
470 1338 521 1375 ab
545 1338 776 1375 hominibus
807 1336 1125 1385 elegantioribus
1148 1337 1393 1386 legerentur,
1425 1343 1468 1373 et
1497 1348 1570 1374 eos
1592 1348 1696 1386 quos

283 1405 358 1443 sibi
399 1405 563 1454 suisque
601 1405 833 1454 philosophi
878 1405 1056 1442 maxime
1088 1404 1332 1449 scribebant,
1375 1416 1479 1454 quos
1510 1401 1697 1452 ὑπομνή-

285 1484 396 1521 ματα
430 1472 591 1516 Graeci,
631 1472 807 1509 Romani
852 1472 1169 1509 commentarios
1201 1473 1402 1510 dixerunt.
1463 1484 1512 1508 ex
1544 1483 1696 1520 genere

282 1539 642 1589 hypomnematieo
672 1552 765 1576 cuin
787 1539 952 1589 Epicuri
983 1539 1134 1588 scripta
1158 1538 1281 1588 longe
1306 1539 1501 1589 pleraque
1534 1538 1695 1589 fuerint,

284 1607 402 1644 facile
435 1607 684 1656 intellegitur
705 1618 828 1656 quam
859 1612 972 1643 recte
1000 1612 1161 1643 ueteres
1184 1605 1270 1644 eius
1299 1607 1341 1643 in
1371 1606 1592 1644 scribendo
1624 1618 1695 1643 ne-

281 1674 532 1724 glegentiam
568 1680 610 1711 et
648 1674 844 1711 incuriam
884 1673 1220 1722 uituperauerint.
1286 1674 1466 1711 eundem
1509 1674 1542 1711 si
1572 1674 1696 1711 uellet

281 1742 405 1779 etiarn
436 1741 656 1789 diligenter
693 1742 886 1790 adeoque
929 1741 1139 1789 eleganter
1170 1740 1348 1778 scribere
1386 1740 1572 1791 potuisse
1604 1741 1694 1791 quis

283 1808 529 1857 negauerit‘?
589 1820 673 1845 non
705 1808 996 1845 obliuiscemur
1017 1807 1236 1857 Epicurum
1266 1806 1541 1857 Nausiphanis
1573 1807 1695 1844 disci·

280 1875 421 1925 pulum
453 1874 588 1919 fuisse,
626 1875 696 1924 qui
726 1881 922 1925 quantam
954 1886 1092 1912 curam
1123 1874 1368 1911 institutioni
1400 1875 1605 1911 oratoriae
1635 1874 1696 1911 in·

282 1944 486 1994 penderit,
518 1950 663 1981 notum
692 1949 754 1980 est
787 1941 854 1992 (cf.
879 1955 921 1993 p.
943 1940 1077 1991 414³).
1128 1954 1264 1992 neque
1295 1942 1422 1981 dubia
1450 1948 1546 1981 sunt
1577 1941 1697 1981 uesti-

280 2011 362 2060 gia,
392 2011 518 2048 etiam
548 2010 648 2048 alias
679 2010 876 2060 epistulas
905 2022 956 2047 eo
993 2010 1165 2047 consilio
1197 2009 1249 2048 ab
1278 2009 1344 2047 illo
1367 2009 1569 2059 expolitas
1601 2021 1694 2047 esse

281 2084 327 2115 ut
365 2077 529 2127 publice
568 2083 868 2126 spargerentur.
928 2077 1040 2114 idem
1082 2083 1231 2115 acutae
1269 2077 1388 2114 simul
1422 2083 1465 2114 et
1493 2077 1696 2126 elegantis

280 2144 474 2182 dictionis
513 2145 696 2182 studium
733 2144 773 2181 in
809 2143 1049 2193 fragmentis
1076 2143 1193 2181 haud
1222 2144 1366 2194 paucis
1398 2140 1622 2182 obseruesl
1653 2149 1695 2183 et

280 2212 321 2251 in
351 2212 566 2250 sententiis
598 2212 772 2256 selectis,
812 2212 991 2261 uitatum,
1022 2211 1176 2249 hiatum
1217 2212 1344 2249 etiam
1374 2213 1415 2249 in
1456 2211 1693 2261 fragmentis

280 2278 367 2317 libri
394 2275 493 2327 περὶ
522 2276 677 2327 τέλους
692 2277 719 2317 ².
767 2277 850 2316 Sed
880 2279 984 2316 ultra
1004 2279 1335 2328 probabilitatem
1358 2277 1453 2317 licet
1473 2290 1694 2328 emergere.

283 2351 406 2384 testes
438 2345 548 2384 enim
576 2346 777 2394 epistulae
799 2346 942 2383 morali
962 2346 1093 2396 parati
1114 2352 1212 2384 sunt
1241 2357 1327 2384 non
1349 2345 1482 2383 solum
1505 2345 1696 2383 Clemens

280 2412 584 2451 Alexandrinus
613 2421 654 2451 et
675 2413 863 2451 Laertius
885 2414 942 2462 (p.
960 2411 1043 2464 58),
1075 2414 1153 2451 secl
1183 2413 1307 2451 etiam
1327 2413 1373 2453 L.
1398 2413 1559 2452 Seneca
1580 2409 1696 2464 (uide

280 2523 370 2557 rhet.
389 2533 429 2559 xv
449 2524 472 2559 2
497 2535 527 2559 c.
553 2525 612 2564 37,
642 2526 664 2559 (5
691 2530 725 2558 et
751 2525 790 2557 in
814 2523 905 2557 VHl
932 2535 956 2558 v
985 2525 998 2558 1
1029 2536 1058 2559 c.
1086 2525 1144 2569 30,
1171 2524 1234 2559 12.-
1260 2525 1352 2558 idem
1379 2525 1481 2558 etiam
1507 2529 1586 2558 ante
1613 2535 1698 2558 con·

280 2593 402 2615 sonam
429 2582 461 2617 εἰ
486 2583 614 2625 μέντοι
641 2594 683 2625 γε
709 2586 790 2618 τῶν
815 2586 914 2618 θεῶν
942 2583 1029 2617 rhet.
1057 2593 1097 2617 1v
1124 2583 1146 2618 2
1175 2594 1205 2617 c.
1231 2582 1289 2627 35,
1319 2583 1341 2618 2
1367 2583 1412 2618 al.

403 2642 415 2675 1
447 2643 490 2675 cs.
517 2643 558 2676 fr.
588 2641 666 2677 135.
694 2642 776 2677 904.
806 2642 886 2677 207.
912 2641 995 2676 488.
1021 2641 1093 2676 490
1117 2642 1163 2676 al.

401 2700 422 2734 2
448 2701 561 2733 hiatus
587 2701 739 2734 uitiosus
765 2702 867 2734 abest
891 2713 912 2735 a
937 2706 1172 2735 sent.1——vn.
1191 2710 1244 2735 rx.
1262 2711 1300 2735 x.
1326 2710 1393 2734 xvr
1414 2701 1458 2734 al.
1500 2700 1597 2735 cfisr.
1614 2699 1696 2735 904.

281 2769 353 2792 non
367 2770 553 2803 numquam
571 2760 770 2793 conlocatio
783 2761 971 2793 uerborum
990 2759 1078 2792 illud
1093 2759 1249 2793 studium
1267 2760 1397 2803 prodit,
1416 2760 1524 2792 ueluti
1541 2770 1574 2802 p.
1592 2758 1649 2798 77,
1663 2760 1696 2793 6.
