1842 3250
189 545 257 577 447

191 2016 260 2048 449

286 211 354 244 292
782 213 985 245 EPICVRI
1011 212 1200 245 ETHICA

285 326 417 359 rabiles
445 326 634 358 interualla
653 326 797 365 faciunt,
824 338 902 359 nam
931 326 1056 359 summi
1082 325 1220 359 doloris
1243 325 1393 358 intentio
1418 324 1555 357 inuemt
1579 323 1695 357 finem.

284 401 387 422 nemo
415 395 533 432 potest
565 391 672 423 ualde
705 391 828 423 dolere
862 397 896 437 et
927 391 1008 424 diu:
1052 392 1102 423 sic
1135 401 1200 422 nos
1233 389 1472 422 amantissima
1500 389 1611 421 nostri
1638 399 1695 421 na·

285 461 361 487 tura
387 456 577 498 disposuit,
604 461 640 487 ut
668 455 830 487 dolorem
858 461 917 488 aut
941 455 1166 488 tolerabilem
1197 460 1255 487 aut
1280 455 1426 486 breuem
1453 452 1614 486 faceret'.

398 533 438 576 οἱ
469 534 648 586 μεγάλοι
679 534 806 575 πόνοι
837 533 1070 584 συντόμως
1102 532 1346 584 ἐξάγουσιν,
1380 532 1421 575 οἱ
1452 534 1500 575 δὲ
1530 532 1697 584 χρόνιοι

286 607 469 658 μέγεθος
499 608 579 649 οὐκ
611 607 798 658 ἔχουσιν.
1722 624 1738 648 5

284 680 540 714 anrfmcnvs
569 683 612 713 de
635 681 753 723 poetis
779 681 966 713 audiendis
995 691 1023 714 c.
1042 681 1084 713 14
1103 692 1136 723 p.
1152 678 1220 714 36¹>
1244 680 1467 723 ἐπιρρητέον
1493 680 1533 714 δέ
1558 680 1618 714 καὶ
1642 682 1696 724 τῷ

284 748 353 780 τοῦ
381 745 566 788 Αἰσχύλου
602 746 767 789 “θάρσει’
804 745 925 779 πόνου
960 745 1032 788 γὰρ
1068 746 1183 788 ἄκρον
1220 746 1289 779 οὐκ
1324 746 1399 787 ἔχει
1433 744 1600 788 χρόνον’,
1640 744 1697 778 ὅτι

284 812 400 845 τοῦτό
427 811 505 844 ἐστι
532 811 577 844 τὸ
602 811 688 853 παρ’
709 810 928 854 Ἐπικούρου
949 810 1217 853 Θρυλούμενον,
1245 810 1296 850 ὡς
1323 808 1364 843 οἱ
1392 836 1399 843 .
1417 835 1423 843 .
1440 836 1446 842 .
1464 836 1471 843 .
1499 809 1696 851 ἔχουσιν.

284 875 338 910 ὧν
363 876 408 909 τὸ
436 877 502 918 μέν
530 875 679 918 εἴρηκεν
697 876 718 908 ό
738 874 918 917 Αἰσχύλος
945 875 1124 917 ἐναργῶς,
1150 874 1195 908 τὸ
1222 875 1262 908 δὲ
1288 877 1343 917 τῷ
1371 873 1556 917 εἰρημένῳ
1578 884 1696 917 παρα-

284 940 456 982 κείμενόν
483 940 596 974 ἐστιν.
624 939 655 973 εἰ
682 939 754 982 γὰρ
781 940 804 973 ὁ
829 939 943 980 μέγας
969 940 1029 973 καὶ
1055 940 1241 980 σύντονος
1265 939 1309 972 οὐ
1337 938 1542 982 παραμένει
1567 939 1696 981 πόνος,
1726 945 1756 969 10

284 1005 354 1038 οὐκ
380 1005 460 1038 ἐστι
487 1005 601 1046 μέγας
630 1004 650 1038 ό
677 1004 906 1047 παραμένων
933 1003 1023 1038 οὐδὲ
1050 1004 1363 1047 δυσκαρτέρητος.

284 1068 334 1102 Μ.
364 1070 561 1102 Amnon-s
587 1077 642 1102 vn
670 1069 715 1102 33
750 1069 835 1112 περὶ
862 1069 1003 1102 πόνου’
1032 1069 1077 1102 τὸ
1106 1069 1174 1111 μέν
1202 1068 1399 1112 ἀφόρητον
1427 1068 1558 1112 ἐξάγει,
1585 1069 1630 1103 τὸ
1657 1069 1698 1103 δὲ

284 1133 458 1176 χρονίζον
478 1134 661 1176 φορητόν.
707 1135 839 1166 ibidem
859 1134 904 1166 64
932 1133 992 1168 ἐπὶ
1011 1133 1140 1175 μέντοι
1169 1136 1244 1167 τῶν
1269 1132 1458 1168 πλείστων
1484 1133 1614 1166 πόνων
1637 1134 1698 1167 καὶ

284 1199 328 1232 τὸ
355 1201 424 1232 τοῦ
451 1198 671 1241 Ἐπικούρου
700 1207 761 1233 σοι
789 1198 984 1241 βοηθείτω,
1012 1199 1070 1233 ὅτι
1096 1199 1205 1233 οὔτε
1234 1199 1472 1242 ἀφόρητον
1498 1198 1607 1232 οὔτε
1633 1197 1675 1232 αἰ

286 1264 440 1306 ώνιον,
469 1263 546 1298 ἐὰν
572 1266 661 1297 τῶν
688 1264 808 1307 ὅρων
836 1264 1129 1308 μνημονεύῃς
1155 1265 1311 1306 καὶμὴ
1337 1263 1654 1307 προσδοξάζῃς
1724 1273 1756 1297 15

398 1345 422 1386 ὁ
455 1346 536 1398 γὰρ
567 1346 706 1396 πόνος
736 1347 760 1388 ὁ
792 1346 1077 1398 ὑπερβάλλων
1109 1345 1299 1396 συνάψει
1331 1345 1517 1399 θανάτῳ.

284 1417 540 1451 PLVTARCHVS
575 1423 697 1449 contra
729 1418 877 1461 Epicuri
912 1417 1171 1450 beatitudinem
1203 1417 1249 1450 23
1275 1428 1310 1460 p.
1331 1414 1440 1450 1103‘1
1483 1416 1596 1457 οὗτος
1627 1415 1700 1459 γάρ

285 1483 387 1517 ἐστιν
415 1483 435 1516 ὁ
462 1482 715 1525 Ἐπικούρειος
741 1483 854 1524 λόγος
881 1483 920 1517 ἐν
946 1483 1075 1524 νόσοις
1101 1484 1237 1524 δειναῖς
1271 1483 1331 1515 καὶ
1365 1482 1526 1522 πόνοις
1560 1480 1699 1523 ὑπερ-

284 1547 550 1589 βάλλουσιν·
587 1546 745 1588 ἐλπίζεις
770 1557 806 1581 τι
832 1547 998 1590 χρηστὸν
1025 1547 1127 1590 παρὰ
1154 1549 1252 1582 θεῶν
1280 1547 1325 1581 δι’
1355 1545 1564 1588 εὐσέβειαν,
1591 1545 1697 1580 τετύ-

283 1621 422 1655 φωσαι,
462 1612 523 1646 ’τὸ
549 1612 621 1655 γὰρ
649 1612 831 1655 μακάριον
864 1613 924 1646 καὶ
957 1612 1155 1655 ἄφθαρτον
1188 1611 1267 1646 οὔτ’
1295 1610 1423 1655 ὀργαῖς
1455 1611 1543 1645 οὔτε
1576 1609 1698 1653 χάρισι
1722 1614 1757 1640 ‘2⁰

284 1677 500 1719 συνέχεται’
520 1676 625 1721 [sent.
646 1675 686 1721 1}
717 1677 862 1719 βέλτιόν
889 1688 924 1711 τι
950 1679 1028 1711 τῶν
1055 1677 1096 1711 ἐν
1121 1680 1176 1721 τῷ
1205 1676 1272 1722 βίῳ
1299 1676 1393 1719 μετὰ
1418 1676 1486 1710 τὸν
1514 1674 1594 1717 βίον
1621 1675 1698 1709 ἐπι-

283 1743 397 1781 νοεῑς;
437 1740 681 1783 ἐξηπάτησαι,
716 1739 776 1773 ετὸ
802 1740 874 1783 γὰρ
900 1740 1012 1774 λυθὲν
1039 1739 1268 1783 ἀναισθητεῖ,
1306 1739 1351 1773 τὸ
1384 1739 1416 1773 δ’
1443 1739 1698 1782 ἀναισθητοῦν

284 1803 396 1838 οὐδὲν
423 1804 517 1846 πρὸς
542 1803 654 1845 ἡμᾶς’
683 1802 858 1847 [sent.11].
892 1807 973 1845 πῶς
1000 1804 1069 1838 οὖν
1096 1804 1273 1847 ἄνθρωπε
1299 1806 1435 1846 φαγεῖν
1461 1813 1505 1845 με
1535 1804 1594 1838 καὶ
1620 1801 1698 1846 χαί-

285 1879 362 1911 ρειν
389 1869 568 1910 κελεύεις;
609 1869 667 1903 ὅτι
693 1869 740 1911 νὴ
768 1868 842 1903 Δία
869 1870 1126 1914 χειμαζομένῳ
1152 1869 1198 1903 τὸ
1223 1869 1407 1910 ναυάγιον
1437 1868 1548 1910 ἐγγύς
1574 1869 1697 1902 ἐστιν·

285 1932 305 1965 ὁ
334 1932 418 1975 γὰρ
446 1959 453 1966 .
475 1959 509 1966 ..
538 1933 734 1977 θανάτῳ.
1723 1939 1755 1965 25

405 2013 555 2047 SENECA
583 2016 685 2058 epist.
713 2015 770 2053 66,
797 2016 842 2048 47
881 2015 994 2048 ‘dabo
1029 2016 1122 2059 apud
1149 2017 1342 2058 Epicurum
1374 2015 1441 2047 tibi
1475 2015 1579 2047 etiarn
1606 2023 1699 2046 nunc

287 2078 500 2111 simillimam
527 2079 608 2111 huic
638 2085 780 2112 nostrae
808 2080 1023 2113 diuisionem
1049 2081 1236 2113 bonorum.
1281 2079 1470 2121 aliatenim
1497 2084 1578 2111 sunt
1604 2078 1699 2121 apud

285 2143 387 2174 illurn
415 2154 504 2186 quae
533 2144 631 2176 malit
667 2146 872 2186 contingere
904 2146 984 2187 sibi,
1025 2150 1062 2177 ut
1089 2146 1249 2188 corporis
1277 2145 1431 2188 quictem
1459 2144 1504 2176 ab
1531 2143 1626 2176 omni
1650 2143 1700 2174 in-

286 2209 475 2240 commodo
507 2209 657 2241 liberam
691 2217 725 2241 et
757 2210 864 2241 animi
897 2210 1140 2242 remissionem
1171 2210 1345 2241 bonorum
1373 2219 1515 2241 suorum
1546 2212 1700 2240 contem-

286 2273 446 2316 platione
475 2273 675 2314 gaudentis.
726 2273 796 2305 alia
829 2279 909 2305 sunt
941 2284 1030 2317 quac
1065 2275 1227 2317 quamuis
1255 2274 1346 2306 nolit
1371 2273 1545 2310 accidere,
1584 2271 1698 2303 nihilo
1723 2278 1757 2303 30

287 2338 403 2369 minus
430 2338 551 2369 laudat
579 2342 613 2369 et
641 2338 848 2381 conprobat,
888 2344 1065 2381 tamquam
1099 2339 1196 2371 illam
1225 2349 1327 2382 quam
1353 2338 1461 2381 paulo
1492 2342 1573 2369 ante
1607 2336 1701 2368 dice-

287 2403 378 2440 bam,
405 2403 518 2434 malae
545 2403 764 2435 ualetudinis
791 2409 824 2435 et
851 2403 1015 2436 dolorum
1041 2404 1331 2445 grauissimorum
1358 2401 1639 2446 perpessionem,
1664 2401 1700 2431 in

288 2478 357 2508 qua
383 2468 559 2510 Epicurus
587 2468 652 2500 fuit
678 2468 743 2500 illo
771 2479 907 2500 summo
935 2479 973 2500 ac
1001 2468 1281 2500 fortunatissimo
1309 2468 1366 2499 die
1394 2478 1458 2499 suo
1487 2492 1494 2500 .
1514 2492 1521 2499 .
1541 2492 1550 2500 .
1570 2490 1578 2499 .
1616 2474 1699 2505 ergo

289 2622 345 2654 bis
365 2619 382 2666 ξ
400 2622 420 2654 6
439 2621 524 2654 ‘tria
544 2622 629 2654 haec
649 2623 684 2653 in
703 2622 796 2654 omni
816 2622 942 2653 morbo
961 2623 1082 2663 grauia
1102 2627 1197 2654 sunt:
1216 2626 1329 2654 metus
1348 2621 1482 2660 mortis,
1502 2620 1607 2652 dolor
1625 2628 1700 2651 cor-

287 2681 396 2724 poris,
413 2681 628 2712 intermissio
645 2681 885 2724 uoluptatum’
910 2681 925 2723 ΙΙ
952 2683 971 2714 4
988 2682 1030 2714 cf.
1041 2682 1106 2724 Ep.
1119 2686 1207 2714 sent.
1221 2689 1261 2714 lv
1283 2683 1288 2721 1
1312 2681 1332 2713 7
1346 2681 1479 2714 Aesch.
1495 2680 1536 2711 fr.
1550 2678 1619 2712 342
1631 2678 1676 2710 N.
1690 2679 1701 2721 f}

290 2740 333 2773 16
353 2739 397 2772 cf.
413 2740 452 2770 fr.
468 2739 537 2772 499
569 2739 582 2781 [Ι
613 2739 658 2772 26
678 2741 854 2771 antecedit
870 2740 909 2772 fr.
927 2740 997 2773 434
1035 2739 1039 2782 Ι
1074 2739 1119 2773 32
1139 2751 1214 2782 sqq.
1236 2740 1280 2773 cf.
1300 2740 1342 2771 fr.
1362 2739 1428 2773 138
1445 2750 1478 2782 p.
1496 2738 1573 2775 143,
1589 2737 1634 2770 26
1647 2748 1699 2778 sq.
