1842 3250
185 595 254 629 452

193 1583 263 1617 453

194 1975 264 2008 454

197 2315 268 2348 455

279 275 348 309 294
770 274 978 306 EPICVRI
1011 273 1200 305 ETHICA

281 389 494 431 ἀλγηδόνας
528 388 718 430 (λέγουσιν
750 386 786 421 οἱ
818 386 1056 431 Κυρηναϊκοὶ)
1092 387 1152 421 ἐπὶ
1185 389 1414 429 σωματικαῖς
1447 386 1601 429 ἡδοναῖς
1631 386 1692 421 καὶ

282 452 464 494 ἀλγηδόσι
490 451 674 493 γίνεσθαι·
704 452 763 486 καὶ
790 450 862 494 γὰρ
888 451 949 485 ἐπὶ
973 453 1065 495 ψιλῇ
1092 454 1138 494 τῇ
1166 452 1233 493 τῆς
1258 450 1439 493 πατρίδος
1465 450 1643 496 εὐημερίᾳ
1667 450 1692 492 ἤ

282 527 353 559 περ
379 519 426 558 τῇ
455 514 527 559 ἰδίᾳ
555 515 674 559 χαρὰν
703 515 925 557 ἐγγίνεσθαι.

403 595 596 629 LAx-:ss‘rrvs
624 595 734 630 DIOG.
761 604 787 629 x
817 595 882 630 137
929 596 983 630 ἔτι
1015 596 1110 639 πρὸς
1134 596 1224 636 τοὺς
1248 594 1518 638 Κυρηναϊκούς·
1561 593 1596 629 οἳ
1627 595 1693 636 μὲν

282 662 354 705 γὰρ
381 660 528 705 χείρους
553 662 620 703 τὰς
649 661 864 702 σωματικὰς
896 659 1108 703 ἀλγηδόνας
1141 663 1219 694 τῶν
1253 654 1436 702 ψυχικῶὴ
1474 658 1695 694 κολάζεσθαι
1717 667 1734 693 5

282 729 377 768 γοῦν
409 726 499 767 τοὺς
531 725 817 769 ἁμαρτάνοντας
849 725 1011 766 σώματι’
1051 725 1071 758 ὃ
1107 725 1146 758 δὲ
1178 724 1246 765 τὰς
1280 723 1460 766 ψυχικάς·
1497 723 1568 765 τὴν
1602 725 1696 764 γοῦν

284 790 404 834 σάρκα
430 790 474 824 τὸ
501 790 623 833 παρὸν
651 790 768 830 μόνον
795 789 992 831 χειμάζειν,
1024 789 1094 830 τὴν
1125 788 1164 822 δὲ
1193 788 1319 830 ψυχὴν
1348 788 1408 821 καὶ
1433 787 1478 822 τὸ
1507 788 1697 831 παρελθὸν

284 856 344 890 καὶ
370 855 415 889 τὸ
441 854 564 898 παρὸν
590 855 650 888 καὶ
677 854 721 887 τὸ
747 854 899 895 μέλλον·
928 853 1051 894 οὕτως
1075 854 1144 888 οὖν
1171 853 1230 886 καὶ
1256 851 1427 893 μείζονας
1445 852 1585 895 ἡδονὰς
1604 852 1697 886 εἶναι

283 922 352 961 τῆς
377 921 511 961 ψυχῆς·

284 985 379 1016 idern
406 991 435 1016 11
462 983 508 1017 90
540 982 637 1016 πολὺ
667 981 794 1022 μέντοι
820 983 898 1014 τῶν
925 982 1097 1023 ψυχικῶν
1125 980 1291 1022 (ἡδονῶν
1317 980 1492 1021 λέγουσιν
1519 980 1554 1014 οἰ
1580 979 1697 1023 Κυρη-
1722 988 1754 1012 ιο

285 1048 423 1091 ναῖκοί)
457 1047 525 1089 τὰς
557 1046 774 1088 σωματικὰς
806 1045 983 1088 ἀμείνους
1012 1046 1117 1086 εἶναι,
1158 1046 1218 1079 καὶ
1251 1045 1318 1086 τὰς
1350 1044 1520 1087 ὀχλήσεις
1552 1044 1700 1088 χείρους

286 1113 352 1153 τὰς
379 1112 610 1154 σωματικάς·
657 1110 745 1145 ὅθεν
773 1111 833 1143 καὶ
860 1109 1017 1150 ταύταις
1050 1109 1273 1143 κολάζεσθαι
1300 1110 1441 1149 μᾶλλον
1467 1109 1559 1149 τοὺς
1584 1108 1698 1152 ἁμαρ-

286 1175 482 1216 τάνοντας.

287 1240 330 1273 cf.
360 1239 565 1271 Lactantius
598 1238 709 1271 diuin.
734 1238 844 1271 instit.
871 1245 915 1270 111
944 1238 975 1276 7,
1002 1238 1021 1269 7
1065 1237 1259 1281 ‘Epicurus
1294 1248 1467 1270 summurn
1499 1238 1633 1270 bonum
1663 1237 1698 1270 in

286 1304 472 1346 uoluptate
499 1303 606 1336 animi
636 1313 714 1334 esse
744 1308 874 1340 censet,
904 1302 1112 1345 Aristippus
1138 1302 1176 1334 in
1202 1302 1386 1345 uoluptate
1414 1301 1602 1346 corporis'.
1725 1309 1755 1335 15

287 1368 375 1401 ibid.
395 1368 428 1406 8,
445 1369 464 1400 ὃ
490 1367 649 1410 ‘sapiens
677 1378 760 1408 ergo
785 1377 857 1398 non
880 1366 947 1398 suit
972 1365 1034 1409 qui
1061 1377 1232 1398 summum
1261 1367 1393 1399 bonum
1420 1367 1572 1399 credidit
1595 1367 1702 1399 animi

287 1433 521 1475 uoluptatem,
556 1433 722 1474 quoniam
750 1431 826 1469 illa,
854 1431 930 1463 siue
959 1431 1130 1463 securitas
1159 1431 1234 1462 siue
1261 1431 1432 1472 gaudium
1459 1436 1522 1470 est,
1550 1441 1702 1464 commu·

288 1498 342 1529 nis
371 1503 424 1529 est
450 1495 645 1528 omnibus.

411 1577 605 1612 LAEans
626 1576 735 1612 Dmc.
756 1586 784 1611 11
804 1578 849 1611 89
877 1577 969 1611 ἀλλὰ
993 1577 1065 1620 μὴν
1093 1578 1183 1612 οὐδὲ
1209 1576 1304 1611 κατὰ
1332 1577 1480 1620 μνήμην
1506 1579 1585 1611 τῶν
1613 1576 1701 1617 ἀγα-

290 1644 369 1676 Θῶν
400 1641 423 1683 ἢ
458 1640 688 1684 προσδοκίαν
724 1639 868 1683 ἡδονήν
904 1649 1021 1682 φασιν
1059 1640 1110 1682 (οἱ
1143 1639 1382 1683 Κυρηναϊκοὶ)
1418 1640 1700 1681 ἀποτελεῖσθαι,
1724 1646 1758 1671 20

290 1707 310 1741 ὅ
337 1716 408 1750 περ
434 1706 594 1748 ἤρεσκεν
613 1705 832 1749 Ἐπικούρῳ.
863 1705 1060 1739 ἐκλύεσθαι
1086 1704 1158 1748 γὰρ
1183 1707 1238 1749 τῷ
1265 1705 1391 1749 χρόνῳ
1416 1705 1461 1739 τὸ
1487 1705 1554 1746 τῆς
1579 1706 1703 1747 ψυχῆς

290 1781 437 1814 κινημα.

623 1886 688 1918 DE
713 1884 1094 1917 CVPIDITATIBVS
1119 1885 1374 1917 FINIENDIS

412 1967 554 2001 CICERO
586 1967 630 2000 de
659 1966 789 2000 finibus
815 1974 842 2000 11
869 1967 901 2004 9,
921 1966 965 2000 27
1009 1966 1118 1998 ‘illud
1155 1966 1269 2009 ipsum
1305 1977 1377 1998 non
1410 1966 1554 1998 nimium
1587 1965 1703 2008 probo

293 2038 326 2065 et
349 2037 483 2065 tantum
509 2032 636 2075 patior,
676 2031 934 2075 philosophum
961 2031 1063 2074 loqui
1096 2032 1146 2064 de
1180 2031 1512 2075 cupiditatibus
1545 2029 1703 2063 finien-
1726 2034 1760 2061 25

293 2097 369 2130 dis.
398 2108 442 2129 an
467 2102 587 2140 potest
613 2096 791 2140 cupiditas
819 2096 936 2128 finiri?
965 2122 972 2129 .
993 2122 1000 2130 .
1021 2122 1029 2129 .
1051 2122 1058 2129 .
1087 2094 1166 2140 [28]
1192 2097 1256 2128 sed
1278 2096 1367 2128 haee
1390 2096 1534 2138 quidem
1555 2095 1703 2128 liberius

293 2163 336 2194 ab
356 2173 398 2193 eo
420 2162 584 2193 dicuntur
611 2167 644 2194 et
672 2162 825 2204 saepius.
854 2161 952 2204 quod
979 2161 1146 2203 equidem
1176 2171 1246 2193 non
1275 2160 1511 2203 reprehendo,
1538 2165 1591 2192 est
1610 2160 1703 2192 enim

293 2226 380 2258 tanti
408 2225 620 2269 philosophi
646 2232 787 2268 tamque
814 2225 948 2258 nobilis
977 2226 1144 2257 audacter
1170 2236 1234 2257 sua
1262 2225 1406 2257 decreta
1431 2224 1624 2257 defendere
1635 2223 1655 2258 ’-

414 2305 563 2340 SENECA
592 2306 676 2340 dial.
702 2313 759 2339 vn
792 2306 835 2338 ad
863 2306 1066 2338 Gallionem
1100 2306 1144 2337 de
1176 2306 1248 2338 uita
1273 2306 1379 2338 beata
1407 2306 1462 2343 13,
1481 2306 1503 2338 4
1541 2305 1617 2349 ‘qui
1643 2315 1705 2336 uo·

294 2371 465 2413 luptatem
499 2371 669 2414 sequitur,
708 2371 851 2403 uidetur
876 2397 883 2404 .
904 2397 910 2403 .
931 2395 939 2403 .
966 2375 1201 2413 peruenturus
1233 2371 1270 2402 in
1302 2371 1429 2414 turpia,
1470 2370 1539 2402 nisi
1574 2369 1704 2412 aliquis
1727 2376 1761 2403 so

415 2509 437 2541 4
457 2508 713 2552 Κυρηναϊκοὺς
729 2507 992 2553 <διαφὲρεται>
1008 2509 1180 2541 Meibom.
1203 2508 1209 2551 Ι
1232 2509 1274 2541 cf.
1292 2508 1414 2542 fr.397
1428 2519 1461 2552 p.
1475 2508 1556 2546 271,
1570 2508 1613 2541 14
1625 2519 1676 2550 sq.
1704 2506 1708 2550 Ι

297 2566 318 2597 9
345 2574 528 2610 exspectes
554 2567 623 2608 τὰς
647 2569 716 2609 τῆς
757 2566 772 2611 u
816 2566 860 2600 19
887 2569 931 2600 cf.
959 2568 999 2601 fr.
1021 2567 1089 2601 397
1118 2579 1152 2610 p.
1172 2567 1254 2605 272,
1274 2567 1360 2610 6sq.
1407 2567 1413 2609 l
1463 2569 1504 2601 21
1535 2567 1705 2601 ἐκλύεται

296 2625 394 2658 libri:
423 2636 513 2659 corr.
541 2626 784 2659 Casaubonus.
811 2627 908 2669 quod
936 2627 1095 2669 sequitur
1121 2627 1215 2669 apud
1241 2627 1420 2658 Laertium
1448 2623 1529 2670 §90
1554 2626 1706 2666 λέγουσι

297 2685 336 2718 δὲ
371 2683 464 2725 μηδὲ
499 2686 594 2718 κατὰ
627 2685 742 2727 ψιλὴν
776 2685 845 2726 τὴν
877 2685 1008 2727 ὅρασιν
1043 2685 1065 2726 ἢ
1092 2685 1162 2726 τὴν
1197 2684 1316 2725 ἀκοὴν
1348 2683 1516 2725 γίνεσθαι
1548 2684 1704 2726 ἡδονάς·

296 2745 374 2777 τῶν
397 2746 492 2787 γοῦν
519 2745 759 2787 μιμουμένων
786 2744 949 2787 Θρήνους
971 2744 1094 2786 ἡδέως
1119 2743 1318 2785 ἀκούομεν,
1344 2746 1422 2777 τῶν
1445 2744 1485 2778 δὲ
1503 2743 1599 2777 κατὰ
1617 2743 1705 2785 ἀλή-

297 2805 400 2838 θειαν
427 2802 555 2848 ἀηδῶς
581 2815 624 2837 ne
652 2810 773 2837 contra
802 2805 993 2848 Epicurum
1019 2804 1155 2836 intendi
1183 2803 1317 2841 credas,
1346 2804 1465 2835 obstat
1493 2803 1534 2834 fr.
1555 2803 1623 2836 599
