1846 3288
238 893 283 926 59

237 1751 283 1785 60

313 287 380 322 116
760 291 870 324 EPIC
876 292 967 324 VRI
994 290 1274 326 ΣΥΜΠΟΣῐΟΝ

311 400 442 454 οἶνος,
484 405 614 445 τοῦδε
654 403 701 445 δέ
740 416 861 455 τινος
892 404 916 446 ὁ
948 407 1166 457 τοσοῦτος
1207 404 1315 447 εἶναι
1355 406 1638 458 θερμαντικὸς
1676 405 1730 449 ἂν

310 474 468 526 ῥηθείη.

309 549 404 580 Plut.
434 550 513 582 adu.
543 549 620 583 Col
649 549 670 583 6
699 551 860 593 ρ.1109ο
890 551 960 595 ὅρα
987 552 1034 594 δὴ
1062 551 1085 586 ἃ
1110 553 1196 596 περὶ
1224 555 1293 586 τοῦ
1321 551 1427 586 οἴνου
1454 555 1522 594 τῆς
1548 553 1730 596 θερμότη-

309 623 375 654 τος
408 614 448 647 ἐν
480 616 535 657 τῷ
571 614 780 660 Συμποσίῳ·
813 615 1031 650 Πολύαινον
1066 618 1171 661 αὐτῷ
1212 617 1479 658 διαλεγόμενον
1515 618 1732 662 Ἐπίκουρος

310 677 505 720 πεποίηκε.
557 679 737 721 λέγοντος
769 680 841 723 γὰρ
873 681 932 715 Οὔ
967 692 1054 726 φῃς
1203 681 1534 725 διαθερμασίας
1569 682 1732 724 ὑπέλαβε
1754 693 1770 720 5

309 741 377 782 τίς
411 743 462 776 οὐ
496 769 503 776 .
525 769 532 776 .
553 770 588 776 ..
618 744 747 777 οἶνον
781 745 908 779 εἶναι.
954 747 1014 779 καὶ
1048 747 1141 788 μετὰ
1175 747 1349 789 σμικρόν·
1389 746 1611 788 φαίνεται
1638 774 1644 780 .
1667 774 1673 780 .
1695 773 1701 781 .
1723 773 1730 781 .

310 806 483 850 ῥηθείη.

429 888 686 923 ΡῙΝΤΛκσιῑνε
714 891 794 924 adu.
822 892 976 924 Coloten
1003 893 1024 924 6
1054 903 1086 935 p.
1111 890 1220 926 1109‘
1253 892 1312 926 καὶ
1339 892 1452 926 πάλιν
1479 891 1603 926 αἰτίαν
1630 892 1730 926 ὑπει-

309 953 405 992 πών,
444 954 587 997 Θλίψεις
612 965 653 988 τε
681 956 741 990 καὶ
769 956 978 999 διασπορὰς
1013 956 1178 999 ἀτόμυ.ινἳ
1218 957 1361 1000 ἑτέρων
1389 957 1429 991 δὲ
1457 956 1645 999 συμμίξεις
1671 957 1732 990 καὶ

309 1019 550 1061 παραζεύξεις
581 1019 848 1062 αἰτιασάμενος
875 1022 915 1055 ἐν
942 1024 988 1065 τῇ
1016 1022 1110 1065 πρὸς
1146 1022 1189 1055 τὸ
1224 1023 1331 1063 σῶμα
1367 1020 1556 1063 καταμίέει
1582 1024 1653 1055 τοῦ
1679 1020 1731 1055 οἴ-
1750 1030 1787 1056 >10

308 1094 378 1117 νου
406 1084 585 1126 ἐπιλέγει·

309 1149 376 1190 διὸ
409 1150 460 1199 δὴ
493 1150 685 1192 καθόλου
717 1151 795 1201 μὲν
826 1150 878 1192 οὐ
911 1150 1067 1201 ῥητέον
1102 1151 1180 1192 τὸν
1215 1149 1336 1192 οἶνον
1368 1149 1477 1192 εἶναι
1509 1153 1730 1202 θερμαντι-

309 1221 400 1273 κόν,
439 1235 517 1273 της
546 1224 594 1264 δὲ
627 1223 833 1274 τοιαύτης
870 1224 1052 1275 φύσεως
1093 1224 1161 1265 καὶ
1193 1226 1270 1274 τῆς
1303 1223 1419 1265 οὕτω
1459 1223 1731 1275 διακειμένης

309 1296 593 1346 θερμαντικὸν
634 1296 712 1336 τὸν
745 1298 977 1348 τοσοῦτον,
1021 1296 1045 1347 ἢ
1079 1299 1205 1347 τῆςδε
1247 1297 1325 1340 τὸν
1362 1298 1581 1339 τοσοῦτον
1622 1294 1731 1337 εἶναι

309 1369 529 1419 ψυκτικόν.
591 1368 725 1410 ἔνεισι
757 1369 840 1420 γὰρ
871 1369 940 1411 καὶ
971 1371 1165 1411 τοιαῦται
1198 1369 1244 1411 ἐν
1276 1373 1337 1424 τῷ
1369 1369 1554 1423 τοιούτῳ
1587 1367 1730 1420 ἀθροί-
1757 1382 1787 1408 15

309 1451 439 1493 σματι
469 1441 640 1493 φύσεις,
674 1443 718 1484 ἐξ
748 1441 810 1483 ὧν
842 1442 895 1484 ἂν
928 1443 1099 1494 ψυχρὸν
1130 1442 1317 1493 συσταίη
1350 1444 1375 1494 ἢ
1409 1442 1453 1484 αἵ
1481 1456 1530 1492 γε
1563 1441 1732 1493 ἑτέραις

308 1517 624 1566 παραζυγεῖσαι
664 1515 915 1566 ψυχρασίας
957 1515 1093 1566 φύσιν
1136 1514 1470 1556 ἀποτελέσειαν·
1523 1514 1626 1555 ὅθεν
1667 1513 1731 1556 ἐξ·

310 1587 588 1633 απατώμενοι
620 1587 659 1629 οἱ
690 1588 766 1637 μἐν
797 1587 1008 1638 ψυκτικὸν
1040 1588 1090 1628 τὸ
1121 1587 1313 1629 καθόλου
1345 1586 1483 1638 φασὶν
1515 1585 1623 1628 εἶναι
1653 1587 1731 1628 τὸν

309 1659 442 1712 οἶνον,
474 1660 514 1702 οἱ
545 1662 593 1702 δὲ
626 1660 919 1712 θερμαντικόν.

429 1753 524 1785 idem
551 1752 639 1784 ibid.
663 1751 684 1784 6
711 1762 744 1794 p.
763 1751 874 1784 1110*
901 1752 920 1784 ὸ
949 1751 994 1792 δὴ
1021 1750 1143 1792 λέγων
1168 1750 1426 1793 ἐξηπατῆσθαι
1451 1751 1543 1791 τοὺς
1567 1750 1733 1791 πολλοὺς
1754 1761 1789 1787 20

307 1817 353 1850 τὸ
386 1818 588 1860 θερμαῖνον
615 1815 864 1858 θερμαντικὸν
891 1815 914 1857 ἢ
942 1815 987 1849 τὸ
1014 1818 1139 1857 ψῦχον
1169 1815 1355 1857 ψυκτικὸν
1382 1814 1731 1857 ὑπολαμβάνοντας,

310 1880 341 1915 εἰ
368 1882 416 1923 μὴ
445 1881 590 1923 νομίζοι
619 1881 663 1914 τὸ
690 1882 740 1923 μὴ
767 1882 908 1921 μᾶλλον
941 1881 1036 1914 εἶναι
1068 1883 1174 1913 τοῖον
1201 1880 1224 1921 ἢ
1251 1883 1356 1913 τοῖον
1385 1880 1547 1914 ἕκαστον
1574 1879 1732 1914 ἀκολου-

309 1948 388 1980 θεῖν
417 1945 471 1986 οἶς
497 1945 657 1987 εἴρηκεν,
687 1945 803 1986 αὐτὸς
830 1944 1071 1987 ἐξηπάτηται.
1099 1943 1326 1988 προστίθησι
1354 1944 1394 1978 δὲ
1421 1944 1479 1978 ὅτι

308 2011 519 2061 πολλάκις
557 2011 650 2053 οὐδ’
682 2010 814 2061 ἦλθεν
847 2010 907 2062 εἰς
938 2011 988 2052 τὸ
1020 2013 1149 2060 σῶμα
1188 2010 1472 2061 θερμαντικὴν
1511 2009 1733 2061 ἐπιφέρων

309 2084 334 2133 ἢ
367 2084 577 2134 ψυκτικὴν
609 2082 790 2133 δύναμιν
822 2083 847 2124 ὁ
880 2082 1011 2134 οἶνος,
1058 2083 1170 2124 ἀλλὰ
1202 2083 1457 2134 κινηθέντος
1487 2085 1565 2124 τοῦ
1597 2081 1732 2132 ὄγκου
1756 2096 1789 2122 25

311 2156 379 2197 καὶ
418 2157 657 2207 γενομένης
700 2158 787 2198 τῶν
827 2156 1047 2216 σωμάτων
1086 2156 1402 2206 μεταστάσεως
1443 2155 1487 2197 αἱ
1525 2157 1734 2196 ποιοῦσαι

309 2229 360 2270 τὸ
392 2228 553 2279 θερμὸν
585 2228 740 2280 ἄτομοι
771 2230 850 2270 νῦν
882 2228 959 2279 μὲν
990 2230 1212 2278 συνῆλθον
1246 2228 1306 2279 εἰς
1337 2227 1473 2269 ταύτὸ
1504 2229 1573 2269 καὶ
1602 2227 1732 2279 παρέ-

310 2310 421 2352 σχον
463 2301 547 2342 ὑπό
588 2301 784 2352 πλήθους
826 2301 1069 2353 Θερμότητα
1107 2302 1175 2342 καὶ
1214 2300 1412 2353 πύρωσιν
1452 2304 1512 2355 τῷ
1551 2300 1732 2352 σώματι,

310 2377 389 2416 νῦν
421 2374 457 2416 δ’
491 2375 759 2417 ἐκπεσοῦσαι
790 2375 1050 2425 κατέψυξαν.
1157 2373 1160 2375 ’

310 2447 566 2482 Pmnncavs
593 2454 728 2491 quaest.
759 2450 901 2481 conuiu.
928 2456 975 2481 m
994 2449 1027 2488 5,
1046 2450 1062 2482 1
1091 2459 1124 2491 p.
1145 2448 1234 2482 652Α
1265 2447 1464 2482 διείλεκται
1492 2448 1533 2482 δὲ
1559 2448 1620 2481 καὶ
1639 2446 1733 2481 Ἐπί·
1757 2457 1789 2481 so

310 2524 448 2556 κουρος
475 2513 514 2547 ἐν
542 2516 597 2557 τῷ
623 2509 828 2558 Συμποσῖψ
856 2513 1019 2554 πολλοὺς
1045 2513 1193 2554 λόγους,
1231 2512 1286 2547 ῶν
1312 2513 1358 2546 τὸ
1385 2512 1591 2555 κεφάλαιόν
1619 2512 1733 2554 ἐστιν,

433 2646 454 2679 5
481 2645 668 2688 ὑπέλαβεν
695 2646 827 2687 αὐτός·
854 2644 944 2681 “Οὐ
974 2646 1066 2679 coni.
1081 2645 1384 2687 WVyttenbachius
1415 2644 1430 2687 ΙΙ
1463 2644 1506 2678 16
1524 2643 1547 2686 ἢ
1568 2643 1682 2689 αἵγε]
1700 2643 1733 2678 εἰ

312 2704 400 2738 'Oc-{ov
427 2715 470 2744 γε
499 2705 583 2737 libri
610 2705 662 2745 εἰς
690 2705 776 2739 δέον
802 2715 844 2739 τε
873 2707 914 2739 ci.
933 2705 1236 2748 Wyttenbaehius
1271 2704 1287 2747 ss
1320 2704 1367 2737 22
1394 2704 1437 2736 ef.
1455 2703 1552 2735 Plut.
1572 2713 1601 2735 c,
1617 2703 1639 2735 4
1658 2702 1734 2735 init.

312 2763 461 2804 ἐγκαλεῖ
487 2764 518 2797 δ’
547 2765 652 2808 αὐτῷ
680 2763 844 2807 (Colotes
864 2763 1088 2807 Democrito)
1115 2765 1280 2806 πρῶτον,
1309 2763 1367 2796 δτι
1393 2764 1472 2796 τῶν
1498 2761 1733 2804 πραγμάτων

311 2823 474 2856 ἕκαστον
501 2823 619 2857 εἰπὼν
645 2824 690 2857 οὐ
719 2825 860 2864 μᾶλλον
886 2827 992 2857 τοῖον
1018 2823 1041 2865 ἢ
1068 2826 1174 2857 τοῖον
1201 2823 1296 2857 εἶναι
1321 2821 1529 2864 συγκέχυκε
1554 2819 1623 2854 τὸν
1651 2819 1731 2861 βίον

1842 2558 1846 2730 ἔ

1840 2749 1846 2810 ,ἵ

1836 2911 1846 2983 ί.
