1842 3250
322 222 393 255 234
805 224 1006 255 EPICVRI
1034 223 1247 256 PHYSICA
1592 225 1631 257 sr.
1660 225 1731 257 352

323 338 476 370 hominis
504 338 625 379 figura,
660 340 815 371 hominis
843 349 921 371 esse
950 340 1068 382 specie
1096 339 1183 372 deos
1211 339 1450 372 confitendum
1478 345 1541 373 est.
1592 350 1656 371 nec
1683 345 1730 372 ta·
1755 347 1816 379 (49)

322 412 402 434 men
430 412 470 434 ea
498 404 636 445 speeies
665 414 792 445 corpus
821 408 875 435 est
898 404 961 436 sed
989 404 1090 446 quasi
1120 414 1260 446 corpus,
1294 414 1360 443 necv
1386 403 1495 435 habet
1524 404 1729 444 sanguinem

322 467 386 498 sed
413 468 514 508 quasi
541 468 747 508 sanguinem
775 493 924 502 ......
978 468 1153 510 Epicurus
1181 473 1310 506 autem,
1337 468 1397 510 qui
1423 479 1478 500 res
1508 468 1665 500 occultas
1695 474 1729 500 et

320 531 464 573 penitus
496 532 635 563 abditas
672 542 744 564 non
776 532 884 564 modo
917 532 1046 564 uiderit
1074 532 1192 564 animo
1226 532 1289 563 sed
1322 532 1426 564 etiam
1459 532 1509 564 sic
1539 536 1662 564 tractet
1692 536 1729 564 ut

320 605 435 633 manu,
477 595 584 628 docet
614 605 690 628 eam
723 607 802 628 esse
834 596 905 628 uim
940 601 973 628 et
1006 600 1162 628 naturam
1199 597 1357 634 deorum,
1399 601 1436 628 ut
1470 596 1619 639 primum
1656 607 1728 628 non
1753 600 1769 626 5

443 743 534 775 1-3
566 743 609 776 cf.
637 743 694 781 25,
723 744 766 777 71
808 743 909 775 ‘dum
942 744 1210 776 indiuiduorum
1246 754 1434 786 corporum
1466 745 1728 777 concretionem

322 802 410 843 fugit
436 802 657 845 (Epicurus),
690 812 736 834 ne
762 803 926 835 interitus
954 809 988 834 et
1015 803 1203 845 dissipatio
1231 808 1480 846 consequatur,
1516 809 1620 844 negat
1648 814 1727 835 esse

319 871 445 902 corpus
479 862 624 893 deorum
653 863 715 893 sed
745 868 919 904 tamquam
953 872 1092 905 corpus,
1132 873 1196 893 nec
1230 863 1435 902 sanguinem
1463 862 1525 893 sed
1552 868 1727 904 tamquam

318 919 544 960 sanguinem’
573 927 607 952 et
636 921 781 953 omnino
812 932 840 954 e.
861 921 979 959 24,68
995 940 1036 944 -
1052 921 1109 960 26,
1125 922 1181 957 74.
1219 921 1299 953 add.
1319 921 1375 959 44,
1400 921 1464 954 123
1493 920 1727 953 ‘Posidonius

317 979 484 1011 disseruit
510 979 546 1010 in
572 979 665 1011 libro
685 980 810 1022 quinto
836 980 880 1011 de
902 985 1024 1012 natura
1042 980 1199 1017 deorum,
1227 979 1348 1011 nullos
1367 990 1445 1011 esse
1466 979 1552 1011 deos
1570 979 1727 1021 Epicuro

316 1038 443 1076 uideri,
470 1048 630 1080 quaeque
657 1038 686 1070 is
714 1039 758 1070 ‹le
786 1038 840 1070 dis
867 1038 1115 1070 inmortalibus
1143 1039 1284 1075 dixerit,
1312 1038 1468 1070 inuidiae
1495 1039 1726 1070 detestandae

316 1096 427 1136 gratia
454 1096 586 1128 dixisse
612 1095 671 1139 [cf.
691 1097 771 1129 adn.
791 1097 833 1128 ad
847 1108 881 1140 p.
900 1096 979 1138 103,
996 1096 1048 1140 7]:
1077 1108 1192 1139 neque
1220 1098 1311 1128 enim
1338 1102 1408 1128 tam
1435 1097 1615 1140 desipiens
1643 1097 1726 1129 fuis-

316 1160 369 1186 set
396 1160 433 1186 ut
460 1155 668 1187 homunculi
695 1156 847 1187 similem
874 1156 977 1188 deum
1005 1155 1165 1197 fingeret,
1198 1155 1414 1187 liniamentis
1442 1156 1523 1187 dum
1551 1160 1643 1187 taxat
1670 1167 1726 1187 ex-

317 1214 448 1250 tremis,
490 1224 561 1245 non
595 1214 718 1246 habitu
753 1214 886 1253 solido,
926 1215 1092 1246 membris
1130 1214 1285 1246 hominis
1322 1215 1519 1256 praeditum
1560 1214 1724 1246 omnibus

313 1272 374 1315 [cf.
394 1272 450 1311 33,
470 1272 545 1316 92],
586 1284 650 1304 usu
682 1274 918 1306 membrorum
945 1284 988 1305 ne
1016 1274 1161 1306 minimo
1195 1273 1348 1316 quidem,
1389 1273 1515 1306 exilem
1549 1275 1723 1315 quendam

315 1337 418 1374 atque
458 1332 689 1374 perlucidum,
732 1332 822 1364 nihil
865 1332 1029 1374 cuiquam
1069 1333 1292 1370 tribuentem,
1332 1332 1421 1364 nihil
1459 1332 1724 1373 gratificantem,

314 1390 458 1422 omnino
487 1390 576 1421 nihil
603 1396 793 1429 curantem,
821 1391 910 1422 nihil
937 1390 1127 1432 agentem'.
1175 1391 1232 1429 27,
1258 1392 1304 1424 75
1329 1391 1438 1423 ‘cedo
1465 1391 1551 1423 mihi
1577 1391 1723 1424 istorum

313 1450 601 1482 adumbratorum
641 1451 787 1482 deorum
826 1449 1032 1482 liniamenta
1070 1456 1176 1493 atque
1215 1449 1375 1482 formas‘.
1432 1450 1488 1492 35,
1515 1450 1562 1484 98
1600 1450 1723 1483 ‘deum

313 1514 427 1540 tamen
455 1519 562 1540 nosse
589 1515 622 1541 te
650 1509 753 1546 dieis,
792 1509 899 1541 modo
934 1509 1140 1541 liniamenta
1169 1508 1360 1541 maneant'.
1412 1515 1441 1540 11
1468 1508 1526 1547 23,
1551 1509 1597 1540 59
1624 1507 1724 1550 ‘Epi-

311 1578 415 1599 curus
434 1578 719 1608 monogrammos
745 1568 833 1599 deos
862 1574 897 1599 et
922 1567 1013 1599 nihil
1038 1572 1183 1608 agentes
1203 1573 1422 1600 commentus
1442 1567 1512 1599 est’
1530 1565 1618 1607 (uid.
1636 1567 1724 1598 Dio-

312 1627 433 1669 nysius
461 1627 610 1659 Eusebii
637 1637 755 1670 praep.
783 1638 836 1660 eu.
856 1634 926 1660 xiv
945 1626 988 1660 27
1015 1638 1049 1669 p.
1069 1626 1155 1660 ’783ο
1185 1626 1294 1667 κενὰς
1321 1625 1598 1660 ἀνυποστάτων
1624 1627 1722 1660 Θεῶν

311 1684 634 1728 τερατευσάμενος
661 1686 911 1729 ἐζωγράφησε
938 1686 1068 1729 σκιάς).
1108 1687 1151 1719 de
1171 1687 1281 1719 diuin.
1301 1694 1330 1719 Π
1353 1687 1406 1720 17.
1423 1686 1469 1719 40
1495 1685 1602 1718 ‘deos
1631 1686 1722 1718 enim

311 1744 410 1786 ipsos
446 1745 589 1777 iocandi
624 1755 729 1778 causa
763 1746 902 1777 induxit
936 1746 1112 1788 Epicurus
1147 1746 1354 1788 perlucidos·
1389 1750 1423 1777 et
1457 1744 1652 1787 perflabilis
1689 1749 1723 1776 et

311 1803 558 1836 habitantis
593 1809 769 1847 tamquam
795 1805 887 1836 inter
915 1805 1005 1836 duos
1032 1804 1133 1836 lucos
1168 1805 1219 1836 sic
1252 1805 1366 1836 inter
1399 1805 1506 1835 duos
1539 1804 1721 1835 mundos

311 1867 455 1905 propter
480 1868 610 1896 metum
636 1863 826 1901 ruinarum,
856 1874 990 1906 cosque
1017 1863 1148 1895 habere
1175 1868 1275 1906 putat
1299 1863 1422 1895 eadem
1448 1863 1607 1895 membra
1632 1874 1720 1905 quae

311 1932 387 1959 nos,
427 1933 490 1954 nce
517 1932 619 1954 usum
645 1923 757 1954 ullum
782 1922 913 1954 habere
941 1922 1194 1955 membrorum’
1249 1922 1255 1965 Ι
1307 1923 1328 1955 5
1348 1934 1398 1966 sq.
1419 1923 1463 1955 ef.
1483 1922 1540 1961 37,
1559 1923 1626 1957 105
1652 1923 1722 1954 ‘sic

312 1981 403 2013 enim
430 1981 589 2019 dicebas,
618 1982 772 2023 speciem
799 1981 857 2013 dei
887 1982 1022 2024 percipi
1051 1982 1278 2022 cogitatione,
1305 1992 1377 2014 non
1403 1992 1520 2020 sensu,
1551 1992 1615 2013 nec
1642 1993 1720 2014 esse

310 2040 345 2070 in
382 2050 423 2071 ea
457 2040 564 2072 ullam
601 2040 830 2078 soliditatem,
870 2051 986 2084 neque
1022 2041 1171 2073 eandem
1206 2041 1250 2073 ad
1287 2051 1467 2073 numerum
1502 2051 1720 2084 permanere,

310 2108 457 2140 eamque
491 2109 570 2130 esse
606 2099 682 2131 eius
715 2100 901 2138 uisionem,
938 2107 975 2132 ut
1001 2099 1235 2132 similitudine
1264 2105 1298 2131 et
1324 2100 1532 2132 transitione
1560 2105 1721 2132 cernatur

310 2167 425 2199 neque
454 2157 595 2189 deficiat
623 2169 786 2202 umquam
814 2170 855 2190 ex
873 2159 1019 2190 infinitis
1047 2159 1256 2202 corporibus
1285 2158 1451 2191 similium
1479 2160 1651 2197 accessio,
1679 2170 1719 2192 ex

310 2227 424 2258 eoque
451 2217 525 2248 fieri
552 2224 591 2248 ut
617 2217 653 2249 in
680 2217 768 2249 haec
795 2218 928 2249 intenta
954 2228 1053 2250 mens
1072 2223 1192 2250 nostra
1211 2218 1349 2250 beatam
1375 2217 1474 2249 illam
1502 2225 1661 2249 naturam
1687 2223 1720 2250 et

309 2276 555 2318 sempiternam
583 2282 682 2318 putet
707 2302 713 2308 .
733 2301 740 2307 .
758 2302 788 2309 ..
818 2277 846 2308 si
873 2282 1007 2309 tantum
1032 2278 1141 2309 inodo
1172 2277 1217 2309 ad
1242 2277 1494 2317 cogitationem
1513 2276 1635 2309 ualent
1651 2275 1718 2319 (di)

309 2343 374 2365 nec
400 2333 533 2365 habent
565 2334 673 2366 ullam
701 2335 921 2367 soliditatem
947 2346 1012 2367 nec
1039 2336 1279 2374 eminentiam,
1318 2336 1404 2377 quid
1430 2336 1579 2367 interest
1605 2340 1719 2367 utrum

309 2393 352 2424 de
380 2391 659 2434 hippocentauro
687 2404 730 2425 an
756 2393 800 2425 de
828 2394 896 2425 deo
923 2395 1141 2435 cogitemus?
1170 2419 1177 2427 .
1198 2420 1204 2426 .
1226 2420 1232 2426 .
1253 2418 1262 2426 .
1300 2394 1398 2438 (106)
1428 2395 1496 2426 hoc
1522 2395 1616 2426 idem
1643 2394 1719 2425 fieri

307 2451 343 2482 in
371 2451 451 2489 deo,
479 2451 579 2483 cuius
606 2452 729 2483 crebra
755 2453 845 2484 facie
871 2453 1050 2495 pellantur
1076 2452 1195 2492 animi,
1224 2463 1266 2484 ex
1291 2464 1361 2495 quo
1388 2463 1466 2484 esse
1494 2453 1589 2484 beati
1613 2458 1717 2496 atque

308 2509 440 2541 aeterni
472 2510 736 2551 intellegantur.
791 2512 861 2543 Fac
894 2511 1065 2552 imagines
1099 2523 1177 2544 esse
1209 2513 1339 2555 quibus
1371 2512 1560 2554 pulsentur
1591 2511 1716 2543 animi:

307 2569 444 2610 species
472 2569 554 2600 dum
580 2575 673 2601 taxat
699 2570 853 2602 obicitur
878 2572 1062 2613 quaedam.
1105 2582 1187 2603 num
1223 2572 1338 2609 etiam,
1373 2582 1432 2603 cur
1459 2582 1497 2602 ea
1525 2572 1628 2603 beata
1660 2571 1716 2609 sit,

307 2637 368 2658 cur
394 2627 577 2659 aeterna?’
629 2628 685 2666 39,
715 2629 782 2661 109
811 2629 1012 2663 ‘fluentium
1043 2631 1246 2673 frequenter
1271 2631 1433 2663 transitio
1463 2629 1499 2661 fit
1525 2631 1717 2668 uisionum,

308 2691 345 2716 ut
372 2696 390 2717 e
417 2685 539 2718 multis
570 2697 639 2718 una
666 2687 830 2720 uideatur
858 2713 865 2719 .
885 2713 892 2720 .
913 2714 920 2721 .
955 2699 1025 2731 quo
1052 2689 1160 2721 modo
1187 2689 1319 2732 probas
1349 2690 1570 2721 continenter
1597 2690 1718 2730 imagi-

308 2754 371 2777 nes
398 2744 503 2777 ferri?
530 2750 589 2777 aut
615 2745 644 2777 si
670 2747 906 2785 continenter,
932 2758 1003 2791 quo
1030 2749 1138 2781 modo
1165 2748 1351 2781 aeternae?
1393 2748 1718 2787 Innumerabilitas,
