1842 3250
695 123 929 157 CAPITVM
957 124 1159 159 TABVLA

357 238 514 271 xxxn
616 236 711 280 Περὶ
736 239 918 280 μουσικῆς
990 264 1481 273 .........
1507 251 1543 283 p.
1559 239 1628 275 106

357 296 535 329 XXXIII
619 296 787 339 Νεοκλῆς
814 295 907 339 πρὸς
933 294 1122 339 Θεμίσταν
1174 324 1483 332 ......
1584 316 1629 322 -

357 355 530 387 XXXIV
614 354 709 398 Περὶ
735 355 861 388 νότων
884 354 989 390 δόξαι
1014 355 1109 398 πρὸς
1134 354 1283 400 Μιθρῆν
1355 383 1361 390 .
1414 382 1421 389 .
1475 382 1481 389 .
1583 373 1625 380 -

360 414 516 446 XXXV
614 412 709 457 Περὶ
734 416 804 448 τοῦ
830 413 925 456 ὁρᾶν
994 440 1483 449 .........
1584 432 1629 440 ——

358 472 532 505 XXXVI
611 471 705 515 Περὶ
738 471 940 514 ὁσιότητος
996 498 1484 506 .........
1586 490 1627 497 —-

357 530 551 563 XXXVII
609 528 705 572 Περὶ
730 531 866 565 παθῶν
891 529 995 565 δόξαι
1020 530 1116 573 πρὸς
1140 531 1380 575 Τιμοκράτην
1417 558 1422 564 .
1476 557 1483 565 .
1561 530 1629 566 108

357 589 569 622 XXXVIII
613 588 708 632 Περὶ
741 588 911 622 πλούτου
1054 615 1482 623 ........
1585 607 1628 614 --

357 647 536 680 XXXIX
610 646 841 689 Πολυμήδης
875 673 1484 682 ...........
1562 648 1631 683 109

357 707 430 740 XL
604 706 906 749 Προγνωστικόν
939 733 945 739 .
1000 732 1005 739 .
1057 714 1064 722 ·
1119 734 1485 741 .......
1585 725 1632 733 -·-

361 767 448 799 XLI
607 765 891 808 Προτρεπτικός
937 792 1485 800 ..........
1587 784 1629 791 -—

359 826 468 857 XLII
609 824 704 867 Περὶ
737 825 939 867 ῥητορικῆς
999 852 1486 859 .........
1587 843 1628 850 --

358 884 486 916 :um
613 884 873 925 Στοιχειώσεις
906 873 940 925 ιῖς
999 910 1486 918 .........
1563 883 1632 919 115

358 944 485 976 XLIV
608 943 824 983 Συμπόσιον
878 968 1486 977 ...........
1564 942 1631 978 116

357 1003 464 1035 XLV
608 1001 703 1044 Περὶ
735 1001 868 1042 τέλους
939 1028 1487 1037 ..........
1564 1002 1633 1037 119

359 1062 486 1094 XLVI
606 1060 843 1103 Τιμοκράτης
939 1087 1486 1095 ..........
1568 1060 1634 1095 123

358 1121 502 1152 XLVII
605 1119 701 1162 Περὶ
727 1118 939 1162 φαντασίας
998 1146 1486 1153 .........
1565 1118 1635 1154 124

364 1180 527 1212 XLVIII
608 1178 702 1223 Περὶ
732 1179 886 1222 φύσεως
935 1205 1363 1212 ........
1409 1178 1488 1213 124.
1515 1178 1594 1217 345,
1611 1178 1634 1213 8

685 1238 895 1271 incertorum
926 1238 1096 1271 librorum
1118 1264 1487 1272 .......
1564 1236 1633 1270 129

367 1298 493 1330 XLIX.
607 1295 786 1338 Ἐπιτομὴ
810 1299 890 1330 τῶν
918 1296 1013 1340 πρὸς
1039 1297 1129 1337 τοὺς
1155 1297 1341 1340 φυσικούς
1361 1323 1368 1330 .
1421 1324 1429 1330 .
1482 1323 1487 1329 .
1566 1296 1634 1330 130

360 1358 390 1388 L
607 1356 840 1399 Χαιρέδημος
875 1381 1486 1389 ...........
1589 1373 1630 1379 ν·-

363 1417 411 1448 LI
606 1414 818 1450 Ἐπιστολαί
881 1441 1488 1448 ...........
1565 1413 1630 1448 131

689 1474 845 1517 epitoma
872 1499 1486 1507 ............
1565 1472 1633 1507 1352

687 1539 862 1565 certorum
899 1542 1067 1564 annorum
1106 1533 1301 1574 fragmenta
1359 1559 1365 1565 .
1420 1559 1426 1564 .
1480 1558 1486 1565 .
1587 1549 1631 1556 --

685 1591 855 1634 epistulae
882 1591 1064 1624 conlectae
1117 1617 1486 1624 .......
1564 1590 1634 1625 134

759 1652 775 1685 1
804 1652 898 1695 πρὸς
933 1652 1024 1692 τοὺς
1056 1650 1242 1694 μεγάλους
1300 1678 1305 1684 .
1359 1677 1365 1684 .
1420 1678 1425 1684 .
1480 1678 1485 1683 .
1587 1669 1631 1675 -—

758 1710 780 1745 2
805 1711 942 1754 spuriae
999 1737 1486 1744 .........
1564 1708 1633 1744 135

687 1769 858 1813 epistulae
886 1769 930 1801 ad
956 1769 1076 1811 plures
1105 1769 1208 1801 datae
1237 1795 1484 1803 .....
1586 1787 1628 1793 *-

760 1828 782 1862 3
808 1828 904 1871 πρὸς
922 1828 1012 1869 τοὺς
1032 1828 1072 1862 ἐν
1090 1827 1268 1872 Αἰγύπτῳ
1294 1827 1428 1870 φίλους
1481 1854 1487 1861 .
1590 1846 1633 1852 -

762 1888 781 1922 4
808 1887 902 1931 πρὸς
925 1888 1017 1928 τοὺς
1043 1887 1082 1921 ἑν
1112 1886 1216 1932 Ἀσίᾳ
1241 1887 1377 1931 φίλους
1422 1914 1429 1920 .
1483 1915 1489 1921 .
1589 1905 1634 1913 —·—

759 1946 782 1980 5
808 1946 904 1989 πρὸς
922 1947 1013 1988 τοὺς
1028 1946 1069 1980 ἐν
1085 1946 1284 1990 Λαμψάκῳ
1305 1944 1440 1988 φίλους
1482 1974 1486 1978 .
1591 1964 1631 1971 -·

761 2006 783 2040 6
809 2006 905 2048 πρὸς
916 2006 1008 2047 τοὺς
1022 2005 1064 2040 ἑν
1080 2005 1279 2050 Μυτιλήνῃ
1301 2005 1540 2049 φιλοσόφους
1568 2005 1636 2040 136

688 2065 862 2108 epistulae
889 2065 932 2097 ad
960 2065 1120 2105 singulos
1148 2065 1249 2097 datae
1299 2092 1305 2098 .
1360 2091 1366 2097 .
1419 2092 1425 2098 .
1481 2092 1487 2097 .
1567 2064 1635 2099 13⁶1

762 2124 780 2158 7
809 2124 903 2167 πρὸς
925 2119 1130 2165 Ἀθήναιον
1177 2150 1487 2158 ......
1589 2142 1632 2149 --

761 2182 782 2218 8
808 2184 902 2226 πρὸς
927 2181 1161 2224 Ἀνάξαρχον
1239 2208 1488 2216 .....
1567 2182 1635 2218 137

761 2241 782 2275 9
808 2241 903 2284 πρὸς
927 2240 1114 2283 Ἀπελλῆν
1180 2267 1489 2274 ......
1589 2259 1636 2267 ·-—

738 2300 783 2334 10
809 2303 904 2342 πρὸς
930 2298 1215 2342 Ἀπολλωνίδην
1243 2326 1490 2333 .....
1569 2298 1637 2335 138

738 2360 780 2393 11
809 2358 903 2402 πρὸς
927 2355 1221 2400 Ἀριστόβουλον
1243 2384 1491 2394 .....
1593 2378 1630 2383 ——

738 2417 782 2451 12
807 2418 903 2461 πρὸς
930 2415 1130 2452 Δωσίθεον
1183 2442 1490 2451 ......
1593 2435 1635 2442 -

742 2476 786 2510 13
812 2477 906 2518 πρὸς
932 2476 1146 2519 Ἕρμαρχον
1178 2502 1488 2510 ......
1590 2494 1635 2501 -

744 2535 785 2570 14
815 2533 925 2579 [πρὸς
951 2534 1111 2580 ἑταίρας]
1181 2562 1490 2569 ......
1568 2534 1638 2568 140

739 2595 784 2629 15
809 2595 904 2639 πρὸς
930 2594 1145 2638 Εὐρύλοχον
1180 2620 1490 2628 ......
1594 2611 1635 2618 -

739 2653 784 2689 16
812 2653 905 2698 πρὸς
931 2653 1137 2698 Ἡρόδοτον
1180 2679 1489 2688 ......
1591 2670 1634 2676 --
