1846 3288
343 276 411 309 DE
438 275 697 308 EPITOMAE
723 276 860 308 APVD
886 274 1232 308 PORPHYRIVM
1258 274 1357 307 VSV
1465 274 1550 306 LIX

139 392 223 431 curi
252 404 347 430 esse
376 392 576 430 Stobaeus
608 392 694 431 flor.
726 393 792 439 43,
829 393 907 431 139
939 397 1115 431 testatur
1145 387 1209 442 (fr.
1242 389 1358 440 530).
1408 390 1555 429 subicit

139 465 267 497 ratam
299 460 545 497 sententiam
575 465 643 499 XV
671 471 711 509 p.
736 460 801 507 74,
832 461 881 498 15
920 472 970 497 ea
1009 459 1139 497 forma
1174 470 1256 509 qua
1286 458 1396 496 illam
1429 458 1554 496 etiam

140 526 195 563 de
225 525 371 564 abstin.
402 533 420 566 1
440 527 494 565 49
525 538 563 576 p.
588 527 678 570 123,
704 528 751 565 11
787 525 999 577 (editionis
1031 527 1243 565 secundae
1272 525 1555 570 Nauckianae,

138 594 365 632 secundum
387 605 511 643 quam
535 605 704 643 pergam
726 594 838 631 locos
861 592 1062 643 indicare)
1085 594 1290 644 proponit.
1323 593 1427 632 infra
1449 606 1481 633 e.
1503 594 1553 631 28

139 672 180 711 p.
204 661 299 706 292,
322 662 488 700 14-—16
520 661 692 710 emergit
723 660 886 710 Epicuri
920 661 962 700 fr.
988 663 1069 701 479
1103 674 1126 699 a
1143 660 1301 700 Seneca
1331 673 1396 711 ep.
1419 661 1551 709 17,11

139 735 360 767 seruatum.
405 728 559 768 ibidem
588 740 628 778 p.
647 729 741 777 292,
761 730 814 767 20
835 729 947 779 quod
972 729 1146 766 traditur
1175 726 1243 768 διὸ
1273 726 1343 768 καὶ
1372 727 1556 777 μελετᾶν

137 793 510 845 παρακελεύονται
554 792 614 842 (οἱ
650 793 911 846 φιλόσοφοι)
954 794 1034 845 οὐχ
1080 793 1200 846 ὅπως
1244 807 1283 835 τι
1320 793 1555 846 ποριστέον

138 859 387 914 ἀναγκαῖον,
419 859 514 903 ἀλλ’
536 860 656 913 ὅπως
687 862 852 912 μᾶλλον
875 862 1154 913 θαρρήσομεν
1176 861 1230 912 μὴ
1255 861 1555 914 πορισθέντος,

139 931 316 981 genuina
355 931 512 981 species
551 931 639 968 eius
673 931 967 981 Epicureorum
1010 931 1218 980 praecepti
1262 931 1425 969 uidetur
1462 941 1554 968 esse

140 999 196 1036 de
218 1009 299 1048 quo
319 998 558 1048 Porphyrius
581 998 634 1035 de
658 998 805 1036 abstin.
827 1005 844 1037 1
863 999 916 1036 50
947 1004 1248 1036 commentatus
1271 1005 1334 1036 est
1356 995 1420 1047 (fr.
1440 993 1553 1048 481).

139 1078 219 1104 nec
239 1066 311 1116 eis,
343 1078 448 1116 quae
470 1078 519 1104 ex
542 1077 575 1104 e.
595 1067 650 1104 30
669 1065 722 1105 in.
748 1066 891 1115 repetii
912 1066 952 1103 in
982 1066 1005 1105 f.
1029 1067 1123 1112 200,
1155 1071 1227 1104 aut
1257 1066 1407 1104 desunt
1440 1065 1555 1103 testi·

139 1134 278 1172 monia
308 1131 439 1184 (adde
457 1146 497 1184 p.
517 1135 611 1181 347,
632 1129 790 1185 6—20)
820 1141 890 1171 aut
917 1140 1178 1172 euanuerunt
1211 1134 1328 1183 signa
1360 1134 1438 1171 stili
1461 1133 1557 1183 Epi·

140 1202 248 1239 curei
278 1201 462 1251 inpressa
495 1198 558 1251 (ut
579 1197 948 1250 ἀφυσιολόγητον,
970 1199 1138 1251 σαρκὸς
1161 1199 1319 1251 φωνή).
1357 1202 1437 1238 iam
1459 1213 1556 1239 uero

140 1269 244 1307 haec
274 1269 463 1319 leguntur
493 1269 535 1307 in
566 1281 615 1305 ea
644 1275 760 1319 parte
781 1269 976 1319 opusculi,
1009 1281 1131 1318 quam
1150 1269 1398 1320 Porphyrius
1420 1270 1555 1307 uerbis

140 1336 350 1385 conceptis
381 1336 705 1385 circumscripsit.
749 1336 956 1387 praefatur
986 1336 1088 1374 haec
1121 1349 1154 1376 c.
1177 1339 1229 1376 27
1260 1333 1555 1386 κατανοητέον

140 1399 220 1443 οὖν
250 1400 428 1453 πρῶτόν
456 1410 529 1444 σοι
559 1401 648 1443 τὸν
679 1403 772 1453 τῆς
803 1401 1015 1453 φύσεως
1046 1400 1226 1454 νόμον,
1257 1400 1342 1443 ἀπὸ
1374 1402 1421 1443 δὲ
1459 1399 1556 1443 τού-

141 1481 219 1509 του
250 1467 496 1521 ἀναβατὲον
527 1468 596 1511 ἐπὶ
625 1469 702 1511 τὸν
732 1471 863 1515 θεῖον,
895 1469 947 1520 ὃς
980 1469 1048 1510 καὶ
1069 1469 1146 1510 τὸν
1169 1471 1248 1521 τῆς
1271 1469 1455 1521 φύσεως
1477 1468 1555 1510 διέ-

139 1538 240 1577 ταξε
277 1535 425 1587 νόμον,
462 1539 678 1577 subscribit
711 1545 893 1577 extremo
926 1551 958 1577 e.
994 1541 1040 1578 31
1085 1539 1223 1578 ταῦτα
1260 1536 1337 1588 μὲν
1374 1536 1452 1578 οὖν
1489 1536 1557 1577 καὶ

139 1604 193 1645 τὰ
230 1603 403 1657 τούτοις
434 1603 564 1655 ὅμοια
602 1604 626 1646 ὁ
665 1607 756 1656 τῆς
797 1605 1026 1656 φύσεως
1070 1604 1443 1655 παραγγέλλει
1474 1603 1556 1644 νό-

141 1684 246 1722 μος.
295 1670 320 1713 ὁ
351 1672 398 1714 δὲ
430 1673 548 1724 θεῖος
580 1674 667 1714 κτλ.
728 1675 785 1712 eis
816 1674 938 1722 igitur
975 1686 1082 1723 quae
1121 1674 1228 1711 intra
1263 1674 1338 1710 hos
1370 1674 1470 1711 fines
1502 1673 1558 1710 le-

140 1747 291 1791 guntur
320 1741 494 1791 scriptor
518 1754 562 1779 se
585 1754 676 1780 eam
704 1743 965 1792 disciplinam
999 1742 1117 1792 sequi
1149 1747 1337 1796 testatur,
1368 1742 1433 1779 cui
1464 1753 1558 1790 pro-

141 1809 316 1858 positum
346 1816 432 1848 erat
461 1811 518 1859 ad
545 1816 715 1848 naturae
737 1811 860 1848 finem
881 1809 953 1858 (cf.
976 1810 1072 1848 adn.
1105 1810 1161 1847 ad
1181 1811 1304 1860 p.76,
1319 1810 1362 1856 5)
1393 1821 1558 1847 omnem

141 1877 268 1914 uitam
310 1877 460 1915 referre
505 1877 721 1927 legemque
769 1883 940 1916 naturae
984 1875 1054 1926 (cs.
1104 1876 1264 1916 Seneca
1308 1876 1348 1914 in
1394 1877 1437 1915 fr.
1478 1877 1559 1915 200

141 1957 180 1995 p.
206 1945 297 1990 161,
325 1940 395 1995 13)
435 1944 629 1986 stabilire.
680 1945 808 1994 elegit
847 1951 985 1983 autem
1017 1945 1276 1994 Epicuream,
1314 1955 1398 1982 non
1437 1942 1559 1993 Cyni-

141 2023 232 2049 cam
269 2018 339 2051 aut
381 2011 576 2058 Stoicam,
623 2019 667 2050 ut
703 2013 828 2051 etiam
867 2012 917 2049 ab
956 2012 1023 2049 illa
1061 2011 1292 2061 disciplina,
1331 2023 1439 2062 quae
1478 2021 1560 2048 una

141 2079 323 2118 omnium
352 2080 532 2119 maximo
568 2080 782 2118 interuallo
821 2092 844 2117 a
877 2079 1088 2118 Platonica
1120 2076 1301 2129 separari
1336 2078 1558 2124 uideretur,

141 2158 194 2184 ea
224 2147 403 2198 praecipi
434 2147 605 2186 doceret
634 2159 743 2199 quae
770 2159 855 2186 non
877 2147 1141 2185 dissonarent
1172 2158 1263 2184 curn
1294 2146 1435 2184 diuina
1462 2146 1557 2195 lege

142 2213 324 2252 Platonis
355 2213 711 2266 Pythagoraeque.
761 2227 804 2252 re
843 2226 939 2254 uera
972 2214 1027 2252 illi
1063 2215 1155 2251 loeo
1194 2213 1291 2251 nihil
1330 2213 1435 2252 inest
1473 2224 1558 2251 non

141 2279 400 2331 Epicureum,
434 2283 511 2321 nisi
537 2295 644 2333 quae
676 2283 828 2333 apertis
859 2282 994 2320 uerbis
1026 2283 1196 2332 scriptor
1227 2293 1271 2319 se
1294 2282 1459 2319 aliunde
1484 2281 1559 2319 ad-

141 2348 312 2386 miscere
343 2350 557 2399 significat.
601 2350 791 2401 leguntur
812 2350 909 2388 talia
932 2350 970 2387 in
1006 2361 1087 2386 uno
1116 2349 1249 2399 capite
1270 2354 1448 2388 XXVIII:
1481 2349 1559 2398 pri-

141 2428 251 2454 mum
281 2429 321 2467 p.
339 2418 432 2468 292,
456 2420 478 2456 7
511 2415 710 2465 ἁγνεύειν
727 2438 778 2445 -
800 2419 848 2455 12
881 2414 1138 2466 θανασίμου,
1171 2416 1240 2454 ubi
1265 2417 1390 2454 uerba
1412 2413 1480 2455 καὶ
1510 2412 1558 2455 οἱ

142 2481 308 2523 θεοὶ..
326 2514 334 2524 .
353 2513 361 2523 .
379 2483 657 2534 προσέταξαν
689 2482 751 2535 εἰς
781 2482 832 2524 τὸ
861 2485 937 2534 τῆς
967 2482 1161 2534 φύσεως,
1195 2482 1248 2533 ἣν
1281 2480 1404 2523 αὐτοὶ
1435 2480 1558 2523 συνέ-

141 2557 324 2599 στησαν,
354 2550 595 2603 ἐπάγοντες
627 2550 823 2603 βούλημα
853 2553 980 2590 credo
1011 2557 1151 2601 aperte
1194 2551 1377 2599 legentes
1415 2551 1468 2588 ad
1500 2550 1560 2587 le-

141 2631 237 2667 gem
267 2619 375 2657 illam
407 2620 589 2658 diuinam
620 2627 660 2658 et
695 2620 749 2658 ad
781 2622 961 2657 rationes
994 2618 1303 2656 Platonicorum
1344 2612 1559 2668 ablega⁷nt3

144 2687 297 2725 deinde
323 2699 363 2737 p.
385 2689 478 2732 292,
504 2690 668 2727 16—22
700 2688 873 2726 uocibus
904 2688 964 2725 his
995 2684 1062 2727 διό
1083 2694 1222 2736 φασιν
1242 2683 1283 2726 οἱ
1313 2682 1559 2737 φιλόσοφοι

144 2760 185 2792 et
214 2752 282 2794 διὸ
313 2752 382 2794 καὶ
421 2754 602 2804 μελετᾶν
644 2752 1012 2804 παρακελεύονται
1046 2753 1294 2803 Porphyrius
1325 2753 1485 2792 indicat
1515 2764 1560 2789 se

142 2827 366 2871 praecepta
406 2834 490 2860 non
530 2824 648 2860 unius
687 2822 791 2861 illius
832 2828 973 2860 sectae
1015 2832 1266 2871 proponere:
1308 2831 1560 2871 quamquam
