1842 3250
180 1237 249 1270 323

267 243 338 277 222
748 248 951 280 EPICVRI
976 245 1192 280 PHYSICA

267 358 521 400 ψοφούντων·
549 362 666 394 τοῦτο
686 361 725 395 δὲ
745 360 789 394 τὸ
808 361 926 404 ῥεῦμα
945 360 996 402 εἰς
1013 361 1297 403 ὁμοιοσχήμονα
1314 361 1544 404 θρύπτεσθαι
1563 360 1675 403 Θραύ-

268 429 402 463 σματα.
454 423 737 466 ὁμοιοσχήμονα
764 425 804 459 δὲ
829 425 977 466 λέγεται
1002 425 1050 459 τὰ
1076 425 1291 468 στρογγύλα
1321 428 1400 466 τοῖς
1430 424 1677 467 στρογγύλοις

268 486 329 520 καὶ
355 486 524 529 σκαληνὰ
550 488 610 521 καί
636 487 802 532 τρίγωνα.
831 492 910 531 τοῖς
942 489 1188 531 ὁμοιογενέσι.
1240 488 1390 523 τούτων
1417 489 1448 522 δ’
1475 488 1677 530 ἑμπιπτόν·

267 560 346 584 των
372 553 453 591 ταῖς
480 550 610 592 ἀκοαῖς
637 551 900 587 ἀποτελεῖσθαι
925 553 996 595 τὴν
1023 553 1196 595 αἴσθησιν
1222 554 1289 594 τῆς
1315 554 1457 596 φωνῆς.
1509 552 1678 596 φανερόν

270 615 311 650 δὲ
336 618 453 649 τοῦτο
484 615 652 657 γίνεσθαι
685 616 760 651 ἀπὸ
791 620 869 650 τῶν
896 617 1025 652 ἀσκῶν
1052 618 1262 660 ἐκρεόντων
1288 617 1349 651 καὶ
1374 618 1452 650 τῶν
1480 616 1678 659 ἐμφυσών-
1701 625 1717 652 5

268 690 347 713 των
372 680 551 722 κναφέων
577 684 656 723 τοῖς
683 681 851 724 ἱματίοις.

392 759 633 795 ΞΟΗΟΜΔ8ΤΑ
660 763 826 806 Dionysii
852 763 1001 795 Thracis
1030 764 1109 795 cod.
1137 763 1250 796 musei
1275 762 1433 796 Britann.
1460 762 1496 794 in
1523 762 1678 795 Crameri

271 825 395 858 anecd.
423 827 537 859 Oxon.
564 832 587 859 t.
607 834 651 859 lv
676 838 709 870 p.
730 827 810 865 317,
829 827 851 860 8
878 828 899 861 ό
927 827 966 861 δέ
993 826 1209 871 Ἐπίκουρος
1235 828 1295 861 καὶ
1318 828 1338 861 ὁ
1357 827 1596 870 Δημόκριτος
1622 826 1681 860 καὶ

272 889 307 924 οἱ
333 890 493 925 Στωικοὶ
518 891 627 933 σῶμά
653 901 747 934 φασι
773 892 842 934 τὴν
869 891 1014 934 φωνήν.

273 954 552 989 GRAMMATIOVS
578 957 794 999 Byzantinus
822 957 902 990 cod.
929 958 1041 990 Paris.
1068 956 1162 990 2555
1190 957 1293 989 ΒΑΘ
1320 967 1354 999 p.
1378 956 1467 990 1168
1506 956 1526 990 ὁ
1554 955 1682 998 Δημό-
1710 967 1740 991 ιο

273 1030 399 1063 κριτος
425 1022 485 1054 καὶ
511 1021 532 1053 ὁ
551 1019 767 1063 Ἐπίκουρος
795 1021 855 1054 καὶ
881 1019 917 1054 οἱ
944 1020 1102 1055 Στωικοὶ
1128 1022 1237 1062 σῶμα
1263 1020 1413 1061 λέγουσι
1440 1020 1510 1062 τὴν
1536 1018 1683 1062 φωνήν,

273 1085 331 1118 ὅτι
363 1087 439 1118 πᾶν
471 1084 491 1118 ὃ
524 1085 600 1126 ἔχει
635 1085 827 1128 ἐνέργειαν
860 1085 920 1118 καὶ
952 1085 1072 1126 πάθος
1109 1085 1230 1126 ἤγουν
1269 1084 1424 1118 δύναται
1456 1084 1590 1126 δρᾶσαι
1624 1083 1684 1117 καὶ

274 1151 418 1191 παθεῖν7
447 1148 555 1190 σῶμά
583 1149 672 1182 ἐστι.

398 1229 653 1263 ΡῙΝΤΑιιοιινε
681 1234 833 1273 quaestt.
862 1231 1004 1264 conuiu.
1023 1238 1097 1263 vm
1116 1230 1148 1268 3,
1170 1231 1185 1263 1
1215 1242 1246 1273 p.
1269 1226 1354 1262 7200
1383 1229 1503 1263 ἐκεῖνο
1530 1229 1570 1263 δὲ
1598 1230 1686 1271 μᾶλ-

276 1296 343 1328 λον
371 1294 599 1336 (Ἀμμώνιος
625 1294 714 1337 ἔφη)
746 1295 862 1335 λόγου
896 1295 1039 1328 δεῖσθαι
1064 1295 1109 1328 τὸ
1135 1294 1271 1334 νυκτὸς
1297 1293 1558 1336 ἠχωδεστέρας
1592 1294 1685 1327 εἶναι
1712 1301 1743 1327 15

276 1360 344 1398 τὰς
371 1360 503 1401 φωνὰς
537 1359 596 1392 καὶ
624 1359 716 1401 πρὸς
741 1362 796 1402 τῷ
825 1359 970 1400 μεγέθει
997 1359 1066 1400 τὴν
1093 1359 1307 1401 τρανότητα
1336 1359 1508 1400 καθαρῶς
1537 1357 1686 1391 συνδια-

277 1423 499 1466 φυλάττειν·
528 1450 647 1456 .....
710 1422 747 1464 (2
773 1433 806 1465 p.
827 1420 929 1466 720f)
956 1421 1113 1465 ἡσυχίας
1141 1423 1180 1456 δὲ
1205 1421 1412 1464 γενομένης
1439 1420 1583 1463 Βόηθος
1610 1421 1685 1462 ἔφη

279 1514 397 1521 .....
427 1486 630 1530 χρήσεσθαί
655 1496 728 1521 τισι
755 1488 833 1520 τῶν
862 1486 1266 1529 προαποδεδειγμένων
1296 1486 1358 1520 ὑπ’
1386 1485 1616 1528 Ἐπικούρου.

327 1552 486 1594 Φέρεται
511 1552 559 1585 τὰ
587 1552 679 1584 ὄντα
705 1552 745 1584 ἐν
773 1553 826 1593 τῷ
854 1552 902 1593 μὴ
930 1551 1028 1584 ὄντι·
1068 1551 1164 1585 πολὺ
1190 1551 1262 1594 γὰρ
1288 1550 1398 1584 κενὸν
1424 1550 1689 1592 ἐνδιέσπαρται

279 1617 339 1650 καί
370 1617 539 1659 μέμικται
567 1619 648 1656 ταῖς
673 1619 742 1650 τοῦ
770 1616 880 1658 ἀέρος
906 1615 1070 1657 ἀτόμοις.
1115 1616 1207 1649 ὅταν
1235 1616 1301 1657 μέν
1328 1615 1395 1649 οὖν
1423 1615 1445 1658 ᾖ
1474 1613 1688 1656 διακεχυμέ-
1713 1626 1746 1651 ‘20

279 1692 343 1722 νος
371 1682 430 1715 καὶ
458 1681 601 1721 πλάτος
634 1680 731 1722 ἔχων
766 1680 826 1713 καὶ
858 1680 1088 1723 περιδρομὴν
1122 1680 1197 1714 ὑπὸ
1233 1679 1454 1722 μανότητος,
1493 1677 1603 1721 μικρὰ
1630 1677 1691 1711 καὶ

279 1745 398 1779 λεπτὰ
422 1745 470 1778 τὰ
496 1744 631 1786 μεταξὺ
657 1746 737 1777 τῶν
763 1743 903 1787 μορίων
931 1743 1020 1778 κενὰ
1046 1743 1212 1778 λείπεται
1239 1744 1298 1777 καὶ
1323 1743 1467 1785 πολλὴν
1491 1742 1531 1776 ἀἱ
1557 1742 1691 1783 ἄτομοι

281 1809 583 1851 κατεσπαρμέναι
616 1809 743 1851 χώραν
777 1808 995 1850 ἐπέχουσιν·
1039 1808 1131 1842 ὅταν
1166 1808 1205 1842 δὲ
1241 1809 1409 1849 συσταλῇ
1448 1807 1507 1841 καὶ
1543 1805 1691 1850 πίλησις

282 1873 334 1914 εἰς
366 1873 494 1915 ὀλίγον
534 1873 663 1907 αὐτῶν
701 1873 856 1916 γένηται
891 1874 951 1907 καὶ
991 1872 1236 1915 συμπέσωσιν
1274 1872 1560 1914 ἀποβιασθεῖσαι
1596 1870 1692 1914 πρὸς

282 1937 454 1980 ἀλλήλας,
481 1938 626 1980 πολλὴν
654 1937 887 1981 εὐρυχωρίαν
915 1938 986 1971 ἔξω
1013 1939 1072 1971 καὶ
1100 1938 1314 1978 διαστάσεις
1338 1937 1500 1983 μεγάλας
1525 1938 1690 1970 ποιοῦσι.
1715 1947 1748 1972 25

282 2005 399 2036 τοῦτο
427 2003 467 2036 δὲ
493 2001 636 2043 γίνεται
664 2003 800 2044 νυκτὸς
826 2002 901 2037 ὑπὸ
928 2003 1184 2045 ψυχρότητος·
1234 2002 1258 2044 ἡ
1285 2002 1358 2045 γὰρ
1384 2001 1568 2045 θερμότης
1598 2002 1693 2045 χαλᾷ

283 2069 344 2102 καί
363 2057 523 2110 διίστησι
550 2068 611 2100 καὶ
634 2067 712 2101 λύει
738 2067 805 2108 τὰς
831 2067 1051 2107 πυκνώσεις.
1081 2066 1137 2100 διὸ
1163 2065 1319 2100 πλείονα
1342 2066 1462 2100 τόπον
1484 2065 1531 2099 τὰ
1558 2064 1694 2100 ζέοντα

402 2188 422 2221 5
440 2190 556 2221 τοῦτο
576 2187 610 2219 h.
627 2197 656 2220 e.
678 2198 750 2219 rem
770 2187 881 2230 ipsam
900 2198 935 2229 p.
949 2186 1030 2225 221,
1048 2186 1093 2219 30
1109 2205 1150 2209 —
1166 2185 1248 2224 222,
1263 2186 1285 2218 2
1304 2186 1503 2229 expositam
1532 2185 1548 2230 11
1577 2186 1598 2219 9
1614 2186 1695 2218 sub-

284 2247 436 2278 iciuntur
462 2251 627 2290 quattuor
654 2246 810 2277 rationes
837 2246 966 2288 quibus
994 2255 1123 2288 cot-pus
1152 2255 1229 2277 esse
1257 2256 1381 2278 uocem
1407 2246 1588 2287 probetur.
1635 2254 1694 2276 eas

285 2316 355 2337 non
380 2305 567 2348 adscripsi,
594 2305 759 2347 quoniam
787 2315 827 2336 ex
856 2304 990 2335 scholis
1018 2304 1200 2336 conlectae
1229 2308 1309 2336 sunt
1336 2314 1400 2336 nec
1426 2304 1511 2336 licet
1537 2303 1695 2344 singulas

287 2364 438 2404 singulis
466 2364 668 2396 adscribere
696 2363 912 2396 auctoribus,
950 2363 1063 2405 prima
1089 2363 1179 2395 inter
1205 2363 1287 2394 illas
1318 2369 1372 2394 est
1398 2373 1499 2404 quam
1528 2373 1696 2402 gramma-

286 2422 376 2454 ticus
395 2422 578 2453 Parisinus
605 2422 717 2453 solam
743 2432 937 2454 memorare
963 2422 1105 2454 uidetur
1131 2420 1190 2463 (cf.
1210 2433 1242 2464 p.
1264 2422 1321 2459 22,
1337 2420 1383 2465 6).
1418 2422 1593 2465 Epicurus
1619 2421 1695 2464 qui·

287 2481 354 2512 bus
381 2480 515 2511 caussis
542 2481 590 2511 ita
617 2480 789 2518 statuerit,
815 2480 1001 2512 Lucretius
1025 2480 1131 2512 refert
1151 2488 1193 2512 lv
1213 2480 1402 2514 526—546
1438 2479 1452 2523 ΙΙ
1490 2481 1532 2512 14
1559 2491 1630 2512 non
1649 2483 1698 2511 at-

288 2539 365 2580 tigit
390 2539 484 2571 hune
511 2539 629 2571 locum
657 2541 797 2572 Lucret.
826 2547 866 2572 lv
894 2540 962 2574 553
983 2550 1059 2582 sqq.
1107 2540 1112 2579 ἱ
1165 2539 1205 2572 18
1232 2538 1442 2582 χρήσασθαι
1470 2539 1571 2572 libri:
1608 2549 1696 2572 corr.

288 2598 462 2630 Reiskius
502 2599 507 2639 i
546 2599 589 2631 21
610 2598 731 2641 μακρὰ
750 2599 810 2632 καὶ
828 2598 972 2632 πλατέα
991 2599 1081 2631 coni.
1097 2598 1398 2641 Wyttenbachius
1416 2597 1476 2638 (cs.
1491 2609 1524 2641 p.
1539 2597 1621 2636 223,
1635 2595 1698 2642 26)

288 2656 494 2688 uiolentius.
522 2656 603 2689 fort.
624 2656 745 2690 πολλὰ
771 2657 951 2689 intercidit
977 2661 1055 2689 ante
1081 2655 1129 2690 τὰ
1166 2656 1172 2700 Ι
1210 2656 1256 2689 23
1283 2655 1594 2699 κατεσπαρμένην
1613 2655 1698 2687 libri

289 2714 645 2757 ἑγκατεσπαρμένην
664 2715 964 2757 Wyttenbachius
992 2714 1127 2747 oblitus
1154 2715 1258 2747 etiam
1277 2714 1427 2756 ἔχουσιν
1452 2714 1608 2746 scribere
1633 2723 1697 2757 pro

289 2774 478 2815 conposito
528 2772 534 2817 ᾖ
580 2774 624 2806 25
653 2773 871 2815 διασπάσεις
897 2773 997 2806 libri:
1025 2783 1111 2806 corr.
1137 2773 1436 2816 Vv'yttenbachius
