1846 3288
294 252 342 286 50
884 249 1120 297 [Emcvm]

294 368 418 416 πῆξιν
459 365 704 418 εἰληφότων
746 364 994 407 ἀπόπαλσιν
1034 364 1088 406 ἂν
1118 364 1330 417 λαμβάνοι
1370 365 1421 407 τὸ
1450 367 1528 417 τῆς
1558 365 1706 418 χιόνος

294 441 426 481 τοῦτο
465 437 693 490 ἄθροισμα.
749 438 816 479 καὶ
854 436 943 479 κατ’
976 436 1138 488 ἄλλους
1178 438 1224 480 δὲ
1255 437 1446 489 τρόπους
1486 438 1707 490 ἐνδέχεται

295 510 419 563 χιόνα
450 513 763 553 συντελεῖσθαι.

408 584 590 636 Δρόσος
626 585 894 626 συντελεῖται
931 583 1000 624 καὶ
1037 583 1144 624 κατὰ
1175 582 1367 624 σύνοδον
1399 583 1510 634 πρὸς
1540 582 1705 634 ἄλληλα

296 656 344 698 ἐκ
382 658 461 697 τοῦ
503 654 634 707 ἀέρος
675 658 764 697 τῶν
801 656 1024 706 τοιούτων,
1070 655 1096 696 ἃ
1138 658 1214 706 τῆς
1253 655 1456 706 τοιαύτης
1495 655 1707 708 ὑγρασίας

296 727 609 771 ἀποτελεστικὰ
630 729 811 777 γίνεται·
845 729 913 769 καὶ
943 729 1051 770 κατὰ
1083 729 1228 779 φορὰν
1261 729 1308 770 δὲ
1340 728 1364 779 ἦ
1398 727 1483 770 ἀπὸ
1513 731 1707 780 νοτερῶν

295 801 443 844 τόπων
465 802 490 852 ἢ
513 800 650 843 ὕδατα
681 801 964 851 κεκτημένων,
993 801 1040 842 ἐν
1072 800 1180 852 οἵοις
1210 801 1362 852 τόποις
1392 801 1578 852 μάλιστα
1608 801 1706 854 δρό-

296 884 378 925 σος
418 874 697 924 συντελεῖται,
746 872 835 915 εἶτα
874 874 1066 915 σύνοδον
1105 873 1274 915 τούτων
1315 872 1376 925 εἰς
1413 875 1464 915 τὸ
1496 873 1603 916 αὐτὸ
1633 875 1706 916 λα-

297 946 464 1000 βόντων
506 947 575 988 καὶ
615 945 874 988 ἀποτέλεσιν
914 945 1127 997 ὑγρασίας
1168 945 1237 986 καὶ
1277 945 1405 987 πάλιν
1451 946 1596 998 φορὰν
1638 946 1706 988 ἐπὶ

295 1020 399 1071 τοὺς
438 1019 555 1061 κάτω
594 1019 770 1070 τόπους,
816 1018 927 1061 καθά
956 1032 1037 1071 περ
1072 1018 1236 1069 ὁμοίως
1275 1019 1343 1060 καὶ
1378 1019 1478 1070 παρ’
1509 1018 1607 1069 ἡμῖν
1639 1018 1707 1060 ἐπὶ

294 1084 497 1134 πλεόνων
515 1091 695 1134 τοιαῦτά
715 1105 810 1134 τινα
831 1091 1182 1145 <συντελούμενα
1204 1093 1437 1143 θεωρεῖται.
1471 1091 1545 1133 Καὶ
1564 1090 1706 1143 πάχνη

295 1166 343 1207 δὲ
374 1165 426 1207 οὐ
457 1164 786 1217 διαφερόντως)
823 1166 1093 1207 συντελεῖται
1132 1166 1220 1206 τῶν
1257 1164 1446 1217 δρόσων,
1492 1163 1707 1206 τοιούτων

294 1239 424 1279 τινῶν
464 1237 588 1288 πῆξίν
626 1250 722 1279 τινα
762 1237 892 1279 ποιὰν
937 1236 1164 1290 λαβόντων
1203 1237 1273 1280 διὰ
1312 1236 1569 1288 περίστασίν
1612 1249 1707 1279 τινα

295 1308 427 1361 ἀέρος
455 1311 639 1362 ψυχροῦ.

408 1382 687 1434 Κρύσταλλος
727 1384 996 1425 συντελεῖται
1037 1382 1106 1424 καὶ
1143 1383 1236 1425 κατ’
1274 1381 1470 1434 ἔκθλιψιν
1512 1380 1589 1434 μὲν
1626 1384 1706 1425 τοῦ

294 1457 559 1507 περιφεροῦς
590 1457 892 1507 σχηματισμοῦ
923 1455 971 1496 ἐκ
1000 1456 1078 1496 τοῦ
1110 1454 1282 1505 ὕδατος,
1314 1455 1508 1496 σύνωσιν
1540 1454 1588 1497 δὲ
1618 1456 1707 1497 τῶν

294 1529 526 1578 σκαληνῶν
563 1528 631 1569 καὶ
667 1527 918 1577 ὀξυγωνίων
955 1529 1043 1569 τῶν
1075 1526 1122 1569 ἐν
1152 1530 1213 1582 τῷ
1244 1527 1368 1570 ὕδατι
1400 1527 1707 1579 ὑπαρχόντων·

294 1601 364 1642 καὶ
397 1600 505 1642 κατὰ
543 1600 703 1643 ἔξωθεν
740 1601 787 1642 δὲ
824 1602 912 1642 τῶν
953 1600 1165 1642 τοιούτων
1194 1600 1464 1652 πρόσκρισιν,
1510 1600 1537 1642 ἃ
1580 1610 1706 1643 συνε-

295 1674 480 1715 λαθέντα
514 1675 635 1723 πῆξιν
664 1677 724 1727 τῷ
758 1673 878 1713 ὕδατι
908 1673 1226 1724 παρεσκεύασε,
1261 1674 1381 1715 ποσὰ
1411 1675 1498 1715 τῶν
1529 1686 1705 1724 περιφε-

295 1748 384 1796 ρῶν
412 1746 689 1803 ἐκθλίψαντῳ

416 1848 436 1879 -1
465 1846 548 1889 περὶ
575 1846 714 1889 δρόσου
759 1853 921 1879 ιιι-Βιτιολ
949 1847 978 1876 F

418 1963 431 1993 1
462 1962 571 2002 πῆξιν
594 1960 808 2002 εἰληφότων
836 1971 892 1992 om
919 1959 958 1999 fl
983 1959 1027 1992 ἂν
1054 1958 1235 2001 λαμβάνοι
1261 1959 1306 1992 τὸ
1334 1959 1589 1994 Schneiderus:
1616 1959 1704 1994 ἀνα-

294 2020 522 2062 λαμβάνοιτο
543 2021 574 2061 Q
603 2019 856 2060 ἀναλαμβάνοι
877 2018 1011 2060 (-βάνει
1031 2019 1113 2059 H¹s>
1139 2019 1183 2052 τὸ
1210 2019 1340 2061 reliqui
1373 2017 1389 2064 ΙΙ
1425 2020 1446 2051 2
1472 2019 1602 2063 τοῦτο]
1619 2022 1706 2054 τοῦ·

295 2090 339 2113 το
367 2080 412 2113 τὸ
439 2080 468 2111 F
517 2078 532 2123 ΙΙ
583 2079 603 2112 3
629 2077 736 2120 χίονα
765 2079 793 2109 F
848 2077 862 2120 Η
917 2080 938 2110 4
967 2079 1102 2120 δρόσος
1129 2080 1361 2112 συντελεῖται
1390 2079 1532 2121 supplet
1558 2089 1617 2120 mg
1642 2080 1678 2111 H
1703 2087 1708 2133 Ι

296 2140 356 2173 καὶ
383 2149 439 2171 om
457 2139 486 2170 F
520 2138 535 2181 Η
570 2140 591 2172 6
616 2138 863 2172 ἀποτελετικὰ
884 2138 899 2168 f
923 2137 1188 2171 συντελεστικὰ
1207 2139 1236 2168 F
1261 2138 1265 2179 Ι
1288 2139 1348 2170 καὶ
1376 2137 1598 2181 καταφορὰν
1616 2138 1679 2179 BQ
1704 2138 1709 2180 ξ

296 2197 552 2240 &nomm-{pm
571 2197 622 2228 Ff
651 2196 666 2239 Η
701 2198 720 2230 7
748 2204 831 2240 post
854 2196 984 2230 τόπων
1011 2196 1226 2227 uocabulum
1255 2207 1392 2228 erasum
1419 2198 1447 2228 P
1471 2197 1476 2239 Ι
1499 2195 1607 2241 οἵοις]
1630 2200 1709 2238 τοῖς

294 2257 376 2289 libri
397 2254 453 2296 οἷς
469 2256 664 2287 Kuehnius
699 2254 714 2297 Η
749 2255 792 2288 10
819 2255 877 2289 ἐπὶ
899 2282 904 2288 ,
926 2281 932 2288 .
956 2257 992 2287 11
1018 2265 1100 2288 τινα
1129 2267 1183 2287 om
1205 2256 1234 2286 F
1267 2254 1281 2297 H
1319 2257 1354 2288 11
1379 2256 1552 2290 πλεόνων
1572 2257 1706 2298 HPQf:

296 2315 481 2350 πλειόνων
507 2315 537 2347 B
560 2313 565 2354 Ι
588 2315 867 2355 συντελούμενα
894 2341 900 2348 .
921 2342 927 2348 .
946 2342 950 2347 .
972 2342 977 2347 .
1009 2315 1049 2347 12
1079 2314 1336 2356 διαφερόντως
1364 2315 1528 2358 suppleui
1555 2315 1708 2358 exempli

297 2384 437 2406 caussa:
467 2373 590 2415 πάχνη
619 2373 659 2407 δὲ
687 2375 918 2407 συντελεῖται
947 2374 1131 2405 addiderat
1160 2375 1365 2405 Gassendus
1400 2377 1413 2413 Η
1450 2374 1493 2406 12
1521 2376 1706 2408 συντελεῖ-

296 2443 355 2466 ται
381 2438 463 2475 post
494 2433 532 2465 11
561 2432 734 2466 πλεόνων
760 2432 875 2464 traicit
902 2433 918 2462 s
937 2433 942 2473 Ι
963 2434 1041 2464 τῶν
1068 2432 1218 2465 ....'14
1245 2434 1393 2474 ψυχροῦ
1420 2433 1454 2464 in
1481 2443 1539 2473 mg
1566 2433 1708 2476 supple-

296 2492 347 2523 uit
375 2492 403 2522 F
425 2492 430 2532 1
451 2491 639 2525 τοιούτων
665 2489 796 2534 τινῶν]
820 2491 971 2524 τούτων
997 2490 1080 2524 τινὰ
1107 2492 1135 2522 B
1162 2491 1312 2524 τούτων
1336 2492 1451 2532 [xlllljff
1479 2492 1523 2523 P:
1556 2492 1706 2525 τούτων

295 2550 425 2592 reliqui
467 2549 481 2591 Η
528 2549 570 2581 13
597 2549 710 2583 ποιὰν
739 2557 773 2580 et
800 2555 926 2591 postea
950 2559 1034 2583 τινα
1067 2561 1124 2581 om
1151 2551 1178 2580 1³
1227 2550 1242 2592 Η
1296 2550 1337 2582 15
1363 2550 1593 2592 κρύσταλλος
1620 2559 1705 2584 συν-

295 2610 456 2642 τελεῖται
473 2613 556 2650 post
577 2608 618 2641 16
639 2608 777 2648 ὕδατος
795 2608 950 2640 collocat
969 2609 997 2639 F
1021 2607 1025 2651 Ι
1049 2609 1257 2650 κρύσταλος
1283 2609 1355 2649 Qfl
1378 2609 1439 2641 καὶ
1466 2608 1705 2650 κατέκθλιψιν

296 2666 372 2697 FP¹
396 2666 401 2708 1
424 2666 491 2707 μὲν
518 2676 575 2697 om
602 2666 631 2697 F
664 2666 679 2709 n
724 2666 764 2698 17
792 2665 997 2703 ὸξυτονίων
1025 2668 1052 2697 Β
1087 2666 1101 2709 ΙΙ
1141 2667 1182 2700 18
1210 2666 1317 2708 κατὰΙ
1344 2667 1439 2700 κατὰ
1465 2667 1535 2708 τὴν
1562 2666 1707 2698 Schnei-

297 2724 401 2755 derus
432 2723 436 2761 Ι
467 2723 771 2767 συνελασθέῙνττι]Ι
798 2724 845 2756 13²
873 2726 1167 2759 συντελεσθέντα
1193 2727 1222 2756 F
1256 2725 1535 2760 συνελασθέντα
1561 2725 1704 2769 reliqui:

296 2794 384 2817 corr.
413 2784 619 2817 Gassendus
661 2782 678 2829 Η
725 2785 766 2817 19
793 2784 894 2818 πόσα
920 2786 949 2816 Β

1735 1037 1763 1061 ιο

1734 1099 1802 1133 109

1731 1399 1763 1426 15

1730 1764 1763 1788 20
