1842 3250
621 248 827 281 EPICVRI
859 248 1138 281 EPISTVLAE
1518 249 1558 281 14
1564 247 1584 281 3

174 363 231 402 rit,
269 364 347 406 ipse
378 372 456 395 eam
488 363 534 396 de
567 373 632 395 suo
666 363 825 397 redimet.
878 363 921 396 ad
953 364 1049 396 hunc
1078 364 1257 407 Epicurus
1290 363 1390 396 illam
1424 364 1584 397 nobilem

174 425 385 460 sentehtiam
420 428 573 471 scripsit,
611 438 682 471 qua
706 428 869 461 hortatur
894 436 933 460 ut
957 429 1154 472 Pythoclea
1182 428 1400 472 locupletem
1425 439 1498 461 non
1523 440 1586 472 pu-

175 492 271 524 blica
295 502 361 524 nec
389 492 535 536 ancipiti
559 492 617 525 uia
643 492 759 525 faciat.
788 494 827 525 si
853 493 941 532 uis,
968 493 1096 536 inquit,
1123 493 1376 536 Pythoclea
1402 492 1586 525 diuitem

176 556 340 595 facere,
377 567 460 589 non
484 557 702 600 pecuniae
730 557 1035 596 adiciendum,
1069 558 1144 590 sed
1172 557 1415 601 cupiditati
1441 558 1586 590 detra-

134 629 152 655 5
175 620 364 654 bendum
389 619 491 655 est'.

83 697 151 730 136
293 694 463 729 PHO'mvs
488 695 558 729 lex.
583 707 617 740 p.
635 696 719 734 473,
739 697 755 729 1
790 707 823 730 u.
850 695 997 731 ΠΥΘΙΑ
1024 695 1093 730 ΚΑΙ
1121 696 1262 730 ΔΗΛΙΑ
1290 696 1438 740 (Suidas
1464 701 1487 728 t.
1507 703 1538 728 11
1565 695 1587 728 2

173 770 207 802 p.
228 760 309 797 555.
332 761 375 794 10
399 759 531 793 Bernh.
558 760 777 803 Apostolius
806 761 970 803 prouerb.
998 767 1054 794 xv
1078 761 1099 794 9
1127 760 1318 804 Arsenius)
1344 761 1438 803 φασί
1462 758 1586 795 Πολυ-

174 824 293 868 κράτη
325 823 393 859 τὸν
421 824 550 866 Σάμου
583 824 772 868 τύραννον
798 824 924 859 Πύθια
957 826 1016 860 καί
1044 825 1166 868 Δήλια
1193 824 1405 869 ποιήσοντα
1440 824 1515 867 ἅμα
1546 825 1587 860 ἑν

175 888 291 934 Δήλῳ
318 889 464 932 πέμψαι
496 888 549 931 εἰς
573 891 664 924 θεοῦ
690 890 939 933 χρησόμενον,
978 889 1010 925 εἰ
1035 890 1083 924 τὰ
1110 893 1176 932 τῆς
1210 889 1341 931 θυσίας
1373 891 1457 932 ἄγοι
1491 889 1588 924 κατὰ

120 969 152 992 10
173 953 242 988 τὸν
270 953 480 997 ὡρισμένον
498 954 653 997 χρόνον
680 955 750 997 τὴν
771 954 811 989 δὲ
830 954 979 989 Πυθίαν
1006 954 1152 989 ἀνελεῖν
1177 955 1316 989 ‘word
1342 963 1403 989 σοι
1428 956 1490 989 καὶ
1508 953 1585 990 Πύ-

173 1019 235 1053 θια
261 1019 321 1052 καὶ
348 1018 498 1061 Δήλια’,
533 1018 768 1062 βουλομένην
798 1019 938 1062 δηλοῦν
965 1019 1023 1053 ὃτι
1050 1020 1207 1061 ἔσχατα·
1252 1018 1331 1061 μετ’
1359 1018 1488 1060 ὀλίγον
1516 1019 1588 1063 γὰρ

173 1083 312 1124 χρόνον
338 1082 455 1118 αὐτὸν
482 1083 689 1118 ἀπολέσθαι
716 1083 866 1127 συνέβη.
912 1083 1128 1127 Ἐπίκουρος
1155 1085 1195 1118 δὲ
1223 1084 1263 1118 ἐν
1289 1095 1362 1118 τινι
1387 1086 1467 1118 τῶν
1493 1085 1588 1127 πρὸς

175 1147 359 1187 Ἰδομενέα
384 1147 596 1182 ἐπιστολῶν
622 1151 755 1183 ταῦτα.

83 1230 150 1263 137
295 1222 550 1258 Fumonmws
576 1234 763 1268 πραγματ.
789 1224 907 1258 VH²1
930 1224 1009 1263 125,
1026 1224 1048 1258 9
1075 1224 1152 1269 κ]α1
1178 1224 1353 1267 Ἰδομενεῖ
1379 1225 1440 1259 δέ·
1469 1246 1588 1259 .....

123 1302 152 1327 1⁶
175 1298 199 1322 α
214 1310 225 1321 .
242 1298 299 1322 εια
316 1310 328 1322 .
344 1311 356 1323 .
369 1298 542 1323 τωνωτει
555 1310 568 1323 .
582 1289 724 1323 τούτωι
751 1289 791 1324 δέ
818 1289 863 1323 ὅτ
879 1311 889 1323 .
905 1311 916 1323 .
933 1299 970 1323 αι
1000 1303 1014 1318 ι
1035 1316 1041 1322 ,

85 1378 150 1412 138
289 1368 374 1418 Τὴν
406 1369 618 1421 μακαρίαν
656 1369 840 1421 ἄγοντες
882 1370 951 1410 καὶ
982 1368 1070 1420 ἅμα
1101 1370 1392 1420 τελευτῶντες
1422 1369 1588 1421 ἡμέραν

172 1444 250 1484 τοῦ
284 1443 378 1494 βίου
416 1443 669 1495 ἐγράφομεν
705 1442 803 1494 ὑμῖν
832 1442 971 1484 muri·
1024 1443 1345 1494 στραγγουρικὰ
1376 1456 1422 1484 τε
1454 1457 1588 1495 παρη-

173 1516 374 1557 κολούθει
418 1515 487 1557 καὶ
528 1517 810 1567 δυσεντερικὰ
850 1515 965 1566 πάθη
1006 1516 1254 1567 ὑπερβολὴν
1296 1515 1376 1557 οὐκ
1416 1515 1587 1558 ἀπολεί-

173 1601 313 1631 ποντα
343 1590 422 1630 ‘rofi
454 1589 502 1630 ἐν
535 1589 706 1639 ἑαυτοῖς
740 1589 968 1639 μεγέθους·
1000 1588 1388 1640 ἀντιπαρετάττετο
1411 1590 1458 1630 δὲ
1480 1590 1586 1630 πᾶσι

118 1680 152 1705 20
174 1660 346 1712 τούτοις
367 1661 418 1702 τὸ
439 1661 549 1702 κατὰ
573 1661 717 1711 ψυχὴν
740 1662 892 1711 χαῖρον
918 1660 987 1701 ἐπὶ
1011 1663 1061 1713 τῇ
1089 1662 1176 1701 τῶν
1207 1659 1457 1709 γεγονότων
1488 1660 1586 1710 ἡμῖν

176 1735 470 1784 διαλογισμῶν
500 1733 652 1786 μνήμῃ.
683 1733 739 1774 σὺ
772 1734 820 1774 δὲ
851 1731 981 1783 ἀξίως
1012 1736 1089 1783 τῆς
1121 1733 1168 1774 ἐκ
1200 1733 1418 1784 μειρακίου
1450 1746 1586 1784 παρα-

175 1807 380 1858 στάσεως
415 1807 526 1859 πρὸς
557 1806 631 1858 ἐμὲ
663 1806 732 1847 καὶ
763 1805 1034 1858 φιλοσοφίαν
1066 1806 1270 1857 ἐπιμελοῦ
1301 1807 1390 1847 τῶν
1419 1806 1588 1848 παίδων

176 1879 487 1932 Μητροδώρου.

175 1951 373 1986 ιλπητινε
393 1951 502 1986 ῐ)ιοο.
522 1960 545 1984 x
566 1952 612 1986 22
639 1952 713 1995 ἤδη
733 1952 773 1986 δὲ
792 1953 983 1986 τελευτῶν
1002 1951 1140 1995 γράφει
1158 1951 1252 1994 πρὸς
1269 1951 1456 1994 Ἰδομενέα
1472 1951 1589 1994 τήνδε

119 2027 154 2053 25
177 2017 400 2060 ἐπιστολήν·
440 2017 531 2060 Τὴν
558 2044 650 2051 ....
679 2016 1010 2061 Μητροδώρου.

175 2080 326 2119 διςΝιιῖΟΛ
355 2081 459 2126 epist.
486 2081 543 2121 66,
562 2082 606 2116 47
642 2081 649 2093 “
665 2109 672 2115 .
694 2108 700 2114 .
724 2109 729 2115 .
751 2108 758 2114 .
783 2082 897 2114 malae
926 2082 1143 2114 ualetudinis
1171 2088 1206 2115 et
1232 2081 1398 2115 dolorum
1423 2081 1590 2123 grauissi-

295 2191 315 2223 7
344 2188 563 2232 πολυκρὰτη
590 2189 721 2222 Suidae
749 2189 863 2220 codex
891 2190 943 2221 A:
970 2187 1213 2231 πολυκράτην
1244 2188 1351 2220 ceteri
1389 2188 1395 2229 Ι
1433 2187 1456 2221 8
1481 2187 1590 2230 ποιή·

177 2259 298 2284 σαντα
324 2249 406 2281 libri
454 2249 459 2290 ξ
507 2248 528 2281 9
555 2248 637 2290 ἄγει
663 2247 746 2280 libri
792 2248 798 2291 Ι
848 2248 892 2281 10
916 2247 962 2281 τὸ
989 2247 1200 2291 ὡρισμένον
1226 2246 1311 2290 (om.
1331 2246 1485 2290 χρόνον)
1513 2247 1591 2279 Sui-

179 2309 242 2340 das
267 2315 302 2341 et
318 2308 538 2351 posteriores
562 2307 568 2349 1
591 2315 651 2341 σοι
677 2307 738 2340 καὶ
764 2306 892 2338 Suidas
919 2311 953 2338 et
979 2306 1214 2348 posteriores:
1246 2313 1305 2339 σοι
1323 2306 1446 2338 Photii
1465 2305 1589 2339 codex.

177 2367 186 2378 ‘
199 2378 242 2400 an
261 2368 306 2400 nd
323 2367 455 2402 πύθειν
475 2371 511 2398 et
532 2366 723 2409 δηλεῖσθαι
745 2365 891 2408 respicit
910 2364 1114 2397 oraculum?
1138 2366 1245 2396 breui
1261 2369 1451 2406 putresces
1478 2371 1513 2395 et
1538 2366 1591 2395 in-

179 2428 315 2459 teribis.
343 2427 427 2458 uide
454 2425 592 2459 Herod.
619 2432 665 2458 111
694 2424 760 2458 124
782 2425 852 2466 sq.’
880 2424 1070 2456 Dobraeus
1096 2424 1235 2455 aduerS.
1261 2430 1276 2455 Ι
1302 2434 1335 2465 p.
1355 2423 1436 2455 607.
1465 2423 1508 2455 cs.
1528 2423 1590 2454 ze·

177 2485 308 2517 nobius
323 2492 363 2517 Vl
380 2485 423 2517 15
447 2484 695 2525 Diogenianus
708 2484 838 2516 vn135
873 2483 878 2523 l
916 2482 958 2515 12
978 2482 1017 2516 δὲ
1038 2493 1095 2514 om
1110 2482 1327 2525 Apostolius
1365 2482 1371 2525 Ι
1410 2482 1450 2514 13
1469 2483 1590 2515 ταῦτα

178 2542 283 2585 φησί.
313 2543 409 2575 idem
441 2541 457 2586 ΙΙ
493 2542 633 2577 16--23
657 2542 703 2575 cf.
723 2542 802 2574 adn.
824 2542 867 2573 ad
887 2541 928 2576 sr.
948 2541 1014 2574 122
1054 2541 1059 2583 ί
1102 2541 1144 2574 16
1171 2540 1438 2584 τελευτῶντες]
1464 2541 1590 2574 τελευ-

176 2599 287 2635 ταίαν
314 2602 486 2634 Dauisius
515 2602 559 2634 ad
585 2602 659 2634 Cic.
687 2602 732 2633 de
759 2600 815 2633 fin.
843 2608 871 2633 11
900 2600 957 2638 30,
975 2601 1030 2634 96.
1069 2600 1112 2632 cf.
1139 2611 1172 2643 p.
1196 2600 1276 2639 139,
1293 2601 1328 2641 6.,
1357 2601 1434 2637 144,
1458 2600 1487 2633 1.
1507 2599 1554 2632 24
1588 2601 1592 2642 ξ

184 2660 223 2692 17
250 2660 336 2702 ὑμῖν
363 2671 421 2693 om
438 2660 565 2694 Cicero
586 2661 593 2703 Ι
615 2659 906 2703 στραγγουριτία
935 2666 994 2691 aut
1019 2658 1324 2702 στραγγουρητία
1344 2658 1426 2690 libri
1454 2666 1590 2701 στραγ-

179 2718 314 2762 γουρία
339 2729 395 2760 τις
422 2720 438 2752 f
469 2720 475 2759 Ι
509 2718 836 2762 παρηκολουθήκει
869 2718 971 2750 libri.-
1004 2728 1094 2750 corr.
1121 2717 1362 2760 HStephanus·
1387 2717 1422 2749 in
1451 2717 1591 2750 Cicero-
1622 2719 1628 2722 “

179 2778 287 2810 niano
314 2778 431 2811 lexico
457 2778 648 2820 graecolat.
675 2790 708 2822 p.
729 2780 772 2811 51
818 2778 824 2820 1
869 2778 915 2810 22
939 2776 1170 2819 φιλοσοφίαν
1200 2778 1227 2808 s:
1252 2775 1481 2820 φιλοσοφίας
1509 2776 1589 2809 libri
