1842 3250
192 551 262 585 268

203 2295 270 2328 271

292 227 360 260 192
774 229 981 262 EPICVRI
1007 230 1226 262 PHYSICA

289 349 410 376 στατα
430 342 586 383 σώμαθ’,
613 342 668 376 ὧν
687 344 757 376 οὐκ
776 343 821 377 ἂν
841 343 990 384 γένοιτο
1017 343 1175 386 κέντρον
1201 343 1291 378 οὐδὲ
1319 346 1475 385 σημεῖον
1502 342 1591 377 οὐδὲ
1616 343 1707 378 διαί·

288 415 389 450 ρεσις
426 406 599 449 οὐδεμία,
639 408 714 450 ἔφη
749 407 1003 451 (Ἐπίκουρος)
1039 409 1150 442 εἶναι·
1199 408 1256 441 διὸ
1290 407 1350 441 καί
1388 407 1555 449 ἀτόμους
1591 408 1709 448 αὐτὰς

289 470 476 512 ὠνόμασε.

408 550 630 586 Smmcws
656 552 692 585 in
711 553 824 586 Arist.
844 550 945 596 phys.
966 547 996 587 Z
1018 555 1032 586 1
1057 553 1133 586 init.
1154 553 1178 586 f.
1196 554 1281 587 216¹
1305 551 1341 587 οἳ
1367 552 1408 586 δὲ
1431 554 1501 594 τῆς
1525 552 1584 586 ἐπ’
1605 552 1707 586 ἄπει-

289 627 356 660 ρον
387 620 507 659 τομῆς
538 616 805 658 ἀπεγνωκότες
832 618 884 658 ὡς
910 619 955 651 οὐ
984 617 1205 660 δυναμένων
1237 618 1345 659 ἡμῶν
1379 617 1436 651 ἐπ’
1465 617 1621 660 ἄπειρον
1650 616 1708 651 τέ-

289 691 393 722 μνειν
426 682 486 715 καὶ
513 681 554 715 ἐκ
581 682 723 716 τούτου
750 683 1012 717 πιστώσασθαι
1044 682 1088 716 τὸ
1121 682 1386 724 ἀκατάληκτον
1423 683 1491 723 τῆς
1523 683 1642 723 τομῆς
1673 681 1709 716 ἐξ

288 746 513 789 ἀδιαιρέτων
541 746 674 787 ἔλεγον
705 746 937 789 ὑφίστασθαι
963 748 1011 781 τὰ
1037 747 1197 789 σώματα
1229 747 1290 781 καὶ
1317 746 1368 787 εἰς
1395 745 1591 789 ἀδιαίρετα
1618 745 1709 779 διαι-

288 813 449 854 ρεῖσθαι·
493 812 591 853 πλὴν
624 811 681 845 ὅτι
709 811 922 852 Λεύκιππος
959 812 1026 853 μὲν
1060 812 1120 846 καὶ
1149 811 1388 854 Δημόκριτος
1422 812 1467 844 οὐ
1495 810 1612 852 μόνον
1638 809 1709 852 τὴν

288 875 473 909 ἀπάθειαν
502 874 624 909 αἰτίαν
651 879 731 917 τοῖς
757 877 923 919 πρώτοις
950 876 1098 917 σώμασι
1123 869 1194 911 τοῦ
1220 874 1271 918 μὴ
1298 861 1519 918 διαιρεῖσθαι
1536 873 1709 916 νομίζου-

289 949 348 974 σιν
375 939 468 974 ἀλλὰ
496 941 555 973 καὶ
582 941 626 974 τὸ
654 940 810 983 σμικρὸν
838 937 897 973 καὶ
925 935 1078 983 ἀμερές·
1107 940 1325 983 Ἐπίκουρος
1343 940 1383 974 δὲ
1402 940 1563 981 ὕστερον
1589 937 1708 980 ἀμερῆ

289 1005 356 1046 μὲν
383 1005 452 1046 οὐχ
479 1006 636 1047 ἡγεῖται,
664 1005 787 1046 ἄτομα
815 1005 855 1039 δὲ
883 1005 979 1039 αὐτὰ
1006 1005 1067 1039 διὰ
1092 1006 1163 1047 τὴν
1190 1005 1374 1039 ἀπάθειαν
1402 1002 1498 1038 εἶναί
1514 1010 1621 1045 φησι.
1649 1002 1710 1035 καί

288 1071 481 1110 πολλαχοῦ
509 1070 577 1111 μὲν
604 1070 674 1112 τὴν
701 1069 946 1113 Δημοκρίτου
982 1071 1093 1104 δόξαν
1124 1071 1184 1104 καί
1210 1060 1427 1105 Λευκίππου
1454 1069 1475 1103 ὁ
1501 1066 1710 1110 Ἀριστοτέ-

289 1133 356 1175 λης
383 1131 594 1174 διήλεγξεν·
638 1134 698 1166 καὶ
726 1134 771 1167 δι’
800 1132 968 1174 ἐκείνους
995 1132 1088 1174 ἴσως
1111 1134 1203 1173 τοὺς
1228 1132 1407 1174 ἐλέγχους
1432 1131 1528 1174 πρὸς
1551 1132 1596 1165 τὸ
1623 1130 1711 1173 ἀμε-

289 1197 351 1239 ρὲς
378 1197 647 1238 ἐνισταμένους
673 1199 694 1230 ὁ
720 1196 940 1240 Ἐπίκουρος
971 1197 1134 1240 ὕστερον
1168 1197 1383 1238 γενόμενος,
1426 1198 1638 1238 συμπαθῶν
1670 1196 1710 1229 δὲ

288 1264 336 1305 τῇ
362 1261 608 1305 Δημοκρίτου
641 1262 702 1295 καὶ
729 1260 946 1296 Λευκίππου
974 1261 1064 1306 δόξῃ
1092 1262 1177 1304 περὶ
1205 1264 1282 1295 τῶν
1310 1261 1476 1304 πρώτων
1510 1260 1710 1302 σωμάτων,

289 1325 418 1368 ἀπαθῆ
445 1326 512 1367 μὲν
539 1324 723 1367 ἐφύλαξεν
751 1324 859 1367 αὑτά,
886 1323 931 1358 τὸ
958 1324 998 1358 δὲ
1024 1323 1160 1368 ἀμερὲς
1186 1325 1315 1357 αὐτῶν
1341 1323 1554 1366 παρείλετο,
1581 1323 1634 1364 ὡς
1653 1322 1711 1356 διὰ

292 1392 409 1424 τοῦτο
438 1389 512 1423 ὑπὸ
538 1391 608 1423 τοῦ
637 1388 919 1431 Ἀριστοτέλους
946 1387 1217 1430 ἐλεγχομένων.

414 1469 671 1503 PLv'rszcnvs
696 1470 775 1501 adu.
805 1470 959 1502 Coloten
990 1469 1029 1502 13
1056 1481 1091 1512 p.
1113 1470 1222 1503 1114·
1262 1470 1340 1504 ἀλλ’
1368 1470 1538 1513 ἄπειρα
1563 1470 1610 1511 νὴ
1637 1469 1713 1503 Δία

293 1535 457 1577 πλήθει
482 1535 529 1568 τὰ
557 1535 715 1576 σώματα
749 1535 829 1568 κατ’
858 1534 1078 1578 Ἐπίκουρόν
1112 1535 1192 1569 ἐστι
1220 1535 1282 1568 καὶ
1307 1533 1450 1575 γίνεται
1476 1536 1554 1568 τῶν
1581 1544 1712 1576 φαινο-

294 1599 419 1640 μένων
445 1599 608 1633 ἕκαστον
635 1599 672 1634 ἐξ
698 1599 864 1633 ἐκείνων.
907 1600 1055 1642 ὁρῶμεν
1083 1599 1165 1641 οἵας
1191 1598 1417 1634 ὑποτίθεσθε
1446 1599 1540 1642 πρὸς
1566 1598 1713 1639 γένεσιν

294 1664 420 1707 ἀρχάς,
457 1664 628 1707 ἀπειρίαν
660 1666 720 1698 καὶ
747 1665 877 1699 κενόν’
924 1664 979 1698 ὧν
1005 1665 1052 1698 τὸ
1078 1665 1145 1706 μὲν
1172 1665 1367 1707 ἄπρακτον
1394 1663 1536 1704 ἀπαθὲς
1562 1663 1713 1705 ἀσώμα-

293 1740 379 1764 τον’
424 1729 446 1771 ἡ
475 1729 506 1762 δ’
535 1729 698 1769 ἄτακτος
725 1729 862 1770 ἄλογος
888 1727 1225 1772 ἀπερίληπτος,
1263 1728 1383 1771 αὐτὴν
1410 1728 1628 1763 ἀναλύουσα
1654 1728 1714 1762 καὶ

294 1793 538 1837 ταράττουσα
564 1796 618 1838 τῷ
647 1794 696 1835 μὴ
724 1795 939 1836 κρατεῖσθαι
967 1793 1060 1836 μηδὲ
1088 1792 1276 1837 ὁρίζεσθαι
1304 1793 1364 1827 διὰ
1390 1794 1544 1835 πλῆθος.

419 1875 681 1909 anuncnvs
714 1876 758 1908 de
791 1876 883 1919 p1ac.
910 1876 1044 1918 philos.
1071 1883 1085 1909 ι
1111 1876 1143 1918 3,
1164 1874 1208 1908 27
1236 1887 1269 1918 p.
1290 1875 1359 1909 286
1386 1875 1438 1907 ³4
1463 1875 1509 1908 D.
1535 1857 1647 1909 ἐἶναι
1674 1875 1714 1909 δὲ

295 1941 342 1974 τὰ
369 1941 543 1983 σχήματα
569 1942 648 1974 τῶν
683 1940 836 1982 ἀτόμων
869 1940 1116 1983 ἀπερίληπτα,
1151 1942 1219 1974 οὐκ
1254 1941 1397 1983 ἄπειρα.
1444 1940 1493 1982 μὴ
1522 1939 1595 1982 γὰρ
1622 1939 1715 1973 εἶναι
1739 1951 1754 1976 2

294 2003 382 2048 μήτ’
401 2005 694 2049 ἀγκιστροειδεῖς
722 2006 815 2047 μήτε
839 2005 1097 2049 τριαινοειδεῖς
1124 1999 1218 2047 μήτε
1242 2005 1476 2048 κρικοειδεῑς’
1503 2006 1624 2038 ταῦτα
1643 2004 1715 2046 γὰρ

296 2070 343 2103 τὰ
370 2069 544 2113 σχήματα
571 2070 788 2112 εὔθραυστά
813 2070 927 2111 ἐστιν,
955 2069 993 2103 αἱ
1020 2070 1060 2104 δὲ
1089 2069 1222 2111 ἄτομοι
1250 2069 1416 2110 ἀπαθεῖς.
1444 2068 1520 2103 ἴδια
1548 2069 1589 2102 δὲ
1617 2065 1716 2111 ἔχειν

298 2135 473 2177 σχήματα
499 2135 602 2178 λόγῳ
630 2134 815 2178 θεωρητά.

347 2216 414 2250 DE
442 2216 592 2248 INANI

419 2286 563 2320 AE'Hvs
590 2294 603 2320 1
631 2286 687 2324 20,
706 2286 727 2318 2
753 2297 787 2329 p.
808 2285 888 2324 318,
912 2286 926 2318 1
955 2286 1000 2318 D.
1029 2284 1145 2327 (Stob.
1175 2285 1240 2318 ecl.
1267 2285 1370 2328 phyS.
1405 2285 1456 2323 18,
1475 2284 1512 2329 d)
1549 2283 1716 2319 Ἐπίκου-

299 2361 364 2394 ρος
389 2349 573 2392 ὀνόμασιν
598 2349 875 2393 παραλλάττειν
902 2349 1012 2383 κενὸν
1039 2349 1161 2383 τόπον
1186 2349 1325 2392 χώραν.

424 2463 439 2494 1
469 2459 642 2506 σημεῖον]
661 2463 817 2503 σημεῖον
836 2460 949 2494 οὐδὲν
968 2459 1053 2492 libri
1085 2459 1101 2502 u
1138 2460 1182 2492 16
1209 2460 1272 2491 sed
1291 2459 1419 2491 Sextus
1439 2460 1520 2492 adu.
1540 2460 1657 2502 dogm.
1677 2467 1717 2493 lv

301 2520 424 2563 (math.
444 2526 487 2564 x)
517 2521 583 2553 142
617 2520 652 2553 οί
678 2518 804 2553 πάντα
829 2518 882 2560 ἐἰς
911 2519 1031 2562 ἀμερῆ
1058 2518 1285 2560 καταλήγειν
1312 2518 1576 2561 ὑπειληφότες,
1605 2519 1654 2559 ὡς
1682 2517 1718 2553 οἱ

300 2581 384 2622 περὶ
409 2580 477 2614 τὸν
496 2579 715 2623 Ἐπίκουρον
742 2580 787 2612 cf.
807 2578 862 2612 61.
882 2577 929 2612 85
962 2577 978 2621 ἢ
1013 2578 1061 2611 20
1087 2577 1157 2620 ὅρα
1184 2578 1250 2620 μὲν
1278 2577 1359 2619 οἵας
1386 2579 1469 2610 libri
1501 2579 1519 2621 ss
1553 2578 1600 2611 24
1623 2583 1718 2610 ante·

301 2638 396 2670 cedit
422 2633 462 2671 fr.
481 2638 552 2672 275
587 2637 603 2682 ξι
638 2638 681 2670 27
710 2638 865 2678 ἀπαθεῖς
891 2638 1109 2681 ἄθραυστοι.
1134 2636 1210 2671 ἴδια
1234 2637 1334 2671 libri:
1365 2636 1482 2680 expuli
1502 2636 1682 2681 gldssema
1707 2634 1717 2681 {1

301 2695 349 2729 30
366 2697 409 2729 cf.
426 2697 466 2730 fr.
484 2696 625 2730 74-”6
644 2707 723 2729 cum
741 2697 821 2730 adn.
837 2708 871 2740 p.
889 2696 968 2734 125,
987 2696 1041 2730 11.
1062 2696 1212 2740 Hippol.
1228 2695 1361 2739 philos.
1378 2692 1423 2728 22
1438 2707 1471 2739 p.
1488 2696 1567 2734 571,
1585 2695 1630 2728 27
1646 2693 1691 2730 D.
1714 2693 1719 2740 Ξ

301 2754 342 2789 31
373 2753 570 2799 ὀνόμασιν]
596 2754 778 2797 ὀνόμασιν
804 2756 918 2790 πᾶσιν
944 2755 1028 2788 libn·

1734 949 1766 974 10

1735 1272 1768 1299 15

1736 1592 1780 1635 20*
