1842 3250
639 229 847 262 EPICVRI
882 231 1072 263 ETHICA
1489 230 1561 264 313

149 346 306 385 praestat
333 343 396 375 sed
424 347 459 375 et
483 343 586 382 hanc,
613 353 678 375 nec
705 343 787 375 huic
805 343 945 376 laborat
971 345 1035 376 sed
1061 343 1166 376 labor
1190 344 1267 376 eius
1286 345 1448 387 quamuis
1467 346 1565 378 aliud

150 410 259 449 petat,
287 405 356 438 hoe
382 417 526 449 quoque
553 408 793 450 adsequetur‘.

150 470 398 504 ALExANmm
423 470 540 514 Aphr.
568 471 605 503 in
630 472 696 505 Ar.
725 478 798 515 top.
826 484 859 514 p.
883 472 925 505 12
968 472 1048 507 ἔστι
1084 473 1125 507 δὲ
1159 473 1199 507 ἐν
1231 474 1383 514 τούτοις
1409 473 1565 509 ἔνδοξον

150 536 306 577 πρῶτον
334 534 401 576 μὲν
426 534 471 568 τὸ
498 537 590 569 πᾶσι
623 535 760 569 δοκοῦν
788 539 868 577 τοῖς
901 540 1038 579 σοφοῖς
1063 564 1213 571 ......
1242 537 1264 579 ἢ
1291 538 1337 572 τὸ
1361 541 1440 579 τοῖς
1465 536 1565 573 πλεί·

66 629 70 633 ,
110 608 126 633 5
150 607 253 639 στοις
279 598 419 641 αὐτῶν,
447 599 498 640 ὡς
524 599 568 633 τὸ
595 600 666 642 τὴν
693 599 833 643 ἀρετὴν
856 601 901 634 δι’
922 601 1043 642 αὑτὴν
1066 601 1222 644 αἱρετὴν
1247 603 1352 645 εἶναι,
1381 602 1413 637 εἰ
1435 602 1564 645 καὶμὴ

149 662 358 707 Ἐπικούρῳ
384 662 497 703 δοκεῖ,
526 665 586 698 καὶ
612 664 683 706 τὴν
713 664 955 706 εὐδαιμονίαν
983 665 1046 699 ὑπ’
1074 665 1211 708 ἀρετῆς
1237 665 1417 708 γίνεσθαι.

49 742 138 777 505*
267 742 455 777 MAxmvs
481 743 626 778 'I‘Ymvs
662 745 803 780 dissert.
832 754 875 779 ιιι
900 748 922 780 5
947 758 982 789 p.
1001 747 1047 780 34
1067 747 1196 780 Reisk.
1241 747 1321 781 ἐπεὶ
1354 749 1395 782 δὲ.
1429 747 1567 791 ἀρετῆς

148 807 241 851 πρὸς
267 807 411 851 ἡδονὴν
438 808 461 851 ἡ
489 808 654 851 ἐξέτασις
680 809 858 851 γίγνεται,
900 837 908 845 .
929 837 935 844 .
957 837 964 844 .
991 813 1181 845 τοσοῦτον
1209 812 1320 854 λέγω,
1359 811 1411 852 ὡς
1439 811 1471 846 εἰ
1496 814 1566 854 τῆς

147 871 287 916 ἀρετῆς
313 872 515 916 ἀφαιρήσει
540 884 596 915 τις
621 874 666 908 τὸ
693 874 775 917 ἡδὺ,
818 876 876 908 καὶ
904 874 950 909 τὸ
978 875 1142 909 δυνατὸν
1169 876 1288 919 αὐτῆς
1314 876 1565 919 προσαφῄρη·

91 949 124 973 ιο
148 946 229 972 κεν·
273 937 386 971 οὐδὲν
417 937 489 981 γὰρ
524 940 603 971 τῶν
636 940 762 972 καλῶν
797 939 948 983 αἱρετὸν
983 939 1268 982 ἀπο-Γενομένης
1301 940 1462 983 ἡδονῆς·
1505 941 1566 975 καὶ

147 1001 219 1045 γὰρ
245 1002 266 1036 ὁ
292 1002 373 1036 κατ’
404 1001 544 1045 ἀρετὴν
571 1004 703 1037 πονῶν
736 1003 836 1037 ἑκὼν
863 1003 967 1048 φιλίᾳ
1001 1005 1143 1047 ἡδονῆς
1175 1007 1285 1039 πονεῖ
1317 1006 1514 1049 παρούσης
1541 1007 1563 1049 ἢ

145 1066 468 1109 προσδοκωμένης
495 1093 502 1100 .
523 1093 531 1100 .
552 1093 560 1101 .
583 1093 590 1100 .
619 1066 746 1109 ἀμέλει
780 1068 850 1101 κᾶν
880 1071 962 1109 ταῖς
994 1071 1072 1102 τῶν
1099 1069 1231 1103 πόνων
1257 1069 1415 1111 ὁμιλίαις
1442 1070 1566 1112 οὐδεὶς

145 1133 255 1166 πονεῖ
284 1131 405 1165 πόνου
439 1131 538 1174 ἐρῶν
571 1131 610 1174 (ἦ
637 1131 710 1174 γὰρ
738 1132 783 1165 ἂν
811 1131 867 1175 εἴη
896 1133 916 1166 ὁ
944 1132 1301 1176 δυσεραστότατος),
1342 1133 1566 1168 ἀλλάττεται

146 1195 186 1230 δὲ
213 1196 304 1237 τοὺς
327 1196 520 1238 παρόντας
544 1196 696 1238 πόνους,
725 1196 778 1237 ὡς
801 1197 868 1238 μὲν
895 1196 993 1231 εἴποι
1019 1198 1064 1231 ἄν
1088 1207 1143 1238 τις
1169 1200 1247 1231 τῶν
1272 1198 1565 1242 ἀγροικοτέριυν,

90 1272 120 1297 15
144 1263 214 1295 τοῦ
240 1262 370 1302 καλοῦ,
399 1261 451 1301 ὡς
477 1260 518 1294 δέ
545 1271 600 1301 τις
626 1263 706 1295 τῶν
733 1260 1012 1305 ἀληθεστέρων,
1043 1262 1204 1305 ἡδονῆς·
1233 1263 1303 1297 κᾶν
1329 1263 1402 1306 γὰρ
1427 1263 1472 1297 τὸ
1500 1274 1565 1298 κα-

144 1326 211 1360 λὸν
237 1325 355 1369 εἴπῃς,
386 1325 530 1368 ἡδονὴν
556 1325 693 1367 λέγεις·
721 1328 838 1370 σχολῇ
865 1326 938 1370 γὰρ
963 1327 1009 1360 ἂν
1036 1326 1094 1370 εἴη
1120 1327 1165 1360 τὸ
1193 1327 1329 1368 κάλλος
1353 1327 1498 1370 κάλλος,
1527 1328 1560 1363 εἰ

144 1390 194 1433 μὴ
229 1391 386 1432 ἥδιστον
421 1389 477 1433 εἴη
511 1416 633 1425 .....
678 1390 734 1434 (6)
771 1389 839 1424 κάν
871 1394 952 1432 ταῖς
986 1391 1163 1434 πράξεσιν
1197 1391 1387 1433 ἀντίδοσις
1421 1391 1565 1434 γίνεται

144 1455 239 1500 πρὸς
270 1454 414 1498 ἡδονὰς
443 1455 592 1490 πόνων·
638 1455 685 1498 ἣν
712 1456 759 1490 σὺ
787 1456 854 1497 μὲν
882 1455 1022 1499 ἀρετὴν
1049 1458 1184 1499 καλεῖς,
1224 1457 1301 1498 ἐγὼ
1331 1457 1372 1491 δὲ
1397 1457 1468 1499 τὴν
1495 1457 1564 1500 μὲν

150 1520 289 1564 ἀρετὴν
323 1519 467 1563 δίδωμι,
509 1520 692 1564 ἐρήσομαι
725 1521 765 1555 δέ
799 1529 852 1556 σε,
893 1520 924 1554 εἰ
952 1521 1041 1554 ἄνευ
1067 1523 1136 1563 τῆς
1163 1521 1256 1564 πρὸς
1289 1521 1409 1564 αὐτὴν
1439 1521 1564 1565 φιλίας

87 1595 122 1620 20
147 1585 218 1627 τὴν
237 1584 377 1629 ἀρε-τὴν
395 1584 418 1626 ἡ
439 1585 542 1627 ψυχὴ
561 1585 700 1619 εἵλετο·
729 1585 795 1619 ἑὰν
813 1585 885 1629 γὰρ
909 1586 981 1627 τὴν
1006 1584 1135 1627 φιλίαν
1162 1586 1248 1629 δῷς,
1277 1586 1420 1628 ἡδονὴν
1438 1585 1563 1628 δίδως.

145 1650 234 1684 ibid.
266 1650 310 1682 10
335 1661 369 1693 p.
388 1650 435 1682 44
461 1652 629 1693 σμικρῶν
656 1650 787 1684 πόνων
816 1650 979 1692 μεγάλας
1006 1649 1148 1691 ἡδονὰς
1175 1650 1418 1692 ἀντεισάγεις.

49 1727 120 1762 506
266 1729 462 1765 LAERTWS
489 1729 599 1764 DIOG.
626 1739 653 1763 x
682 1731 750 1765 138
789 1732 809 1765 ὁ
837 1730 869 1765 δ’
897 1730 1114 1774 Ἐπίκουρος
1141 1733 1201 1766 καὶ
1229 1732 1442 1775 ἀχώριστόν
1468 1741 1561 1776 φησι

144 1798 213 1839 τῆς
238 1795 383 1839 ἡδονῆς
407 1795 477 1837 τὴν
505 1795 645 1840 ἀρετὴν
673 1796 805 1839 μόνην.
830 1796 878 1830 τὰ
897 1796 928 1830 δ’
949 1797 1042 1831 ἄλλα
1061 1796 1294 1840 χωρίζεσθαι,
1322 1796 1404 1831 οἷον
1424 1797 1562 1841 βρωτά.

146 1860 290 1895 CICERO
317 1862 422 1895 Τι’-ες.
450 1861 543 1905 disp.
573 1868 616 1894 nt
650 1861 708 1900 20,
727 1861 773 1894 49
808 1862 930 1902 ‘negat
955 1862 1132 1906 Epicurus
1161 1863 1313 1894 iucunde
1345 1873 1453 1906 p0>se
1487 1863 1563 1895 uiui

86 1932 121 1958 25
146 1925 216 1958 nisi
243 1936 322 1959 cum
352 1926 482 1958 uirtute
508 1925 679 1959 uiuatur’.

146 1989 297 2024 SENECA
324 1991 410 2024 dial.
438 1998 490 2024 Vll
516 1991 560 2024 ad
586 1991 791 2024 Gallionem
813 1992 872 2023 ‘de
898 1992 973 2024 uita
1001 1992 1105 2024 beata
1130 1991 1162 2027 6,
1182 1992 1203 2025 3
1231 1991 1408 2032 ‘negant
1432 2001 1564 2034 posse

146 2055 421 2098 uoluptatem
453 2066 473 2088 a
505 2055 669 2088 uirtute
704 2055 856 2087 diduci
893 2061 928 2088 et
955 2056 1051 2088 aiunt
1078 2066 1144 2087 nec
1177 2055 1326 2087 honeste
1352 2065 1565 2098 quemquam

146 2120 268 2152 uiuere
295 2124 332 2152 ut
359 2130 429 2152 non
456 2119 611 2152 iucunde
638 2122 747 2159 uiuat,
780 2130 844 2152 nce
870 2121 1024 2153 iucunde
1052 2126 1089 2151 ut
1115 2130 1187 2151 nou
1214 2120 1365 2151 honeste
1392 2118 1563 2162 quoque'.

146 2184 195 2217 id.
222 2184 311 2217 ibid.
343 2185 376 2223 9,
395 2185 418 2218 4
444 2197 495 2228 sq.
523 2185 628 2228 ‘quid
661 2186 749 2218 mihi
778 2185 997 2229 uoluptagem
1031 2184 1214 2217 nominas?
1246 2184 1402 2216 hominis
1430 2185 1562 2216 bonum

89 2256 122 2282 3ο
147 2259 294 2292 quaero,
321 2260 390 2282 non
418 2250 555 2282 uentris
581 2250 643 2293 qui
667 2250 867 2293 pecudibus
899 2261 938 2282 ac
964 2250 1083 2282 beluis
1110 2251 1226 2281 laxior
1253 2255 1316 2282 cst.
1360 2248 1562 2281 “Dissimu-

145 2313 228 2345 las”
253 2314 369 2356 inquit
395 2314 615 2359 (Epicurus),
644 2313 759 2357 “quid
786 2326 805 2346 a
831 2326 886 2347 mo
913 2315 1060 2348 dicatur.
1104 2326 1172 2355 ego
1200 2315 1293 2347 enim
1320 2325 1410 2355 nego
1440 2324 1560 2357 quem—

145 2390 250 2421 quam
277 2389 385 2422 posse
411 2381 566 2412 iucunde
593 2379 726 2418 uiuere,
753 2380 820 2412 nisi
850 2380 954 2412 simul
983 2386 1016 2412 et
1043 2379 1193 2412 honeste
1220 2379 1321 2411 uiuit.
1364 2379 1462 2422 quod
1489 2389 1560 2410 non

144 2451 264 2485 potest
281 2444 387 2476 mutis
406 2444 613 2485 contingere
632 2444 846 2476 animalibus
864 2454 930 2476 nec
944 2445 1077 2476 bonum
1097 2454 1199 2476 suum
1218 2444 1299 2476 cibo
1320 2442 1560 2475 metientibus.

269 2580 311 2612 13
339 2580 663 2624 δυσεραστότερος
690 2581 791 2612 libri:
820 2592 908 2613 corr.
937 2581 985 2613 H.
1013 2579 1214 2623 Stephanus
1254 2581 1259 2622 1
1298 2580 1344 2612 20
1371 2580 1453 2611 uide
1480 2579 1561 2611 reli-

147 2649 217 2681 qua
244 2639 337 2682 apud
363 2640 559 2672 Maximum
586 2637 603 2684 ξ
630 2640 748 2673 7-»-1o
790 2639 804 2683 Η
846 2640 892 2672 22
918 2643 939 2672 ι’)
965 2638 997 2672 δ’
1026 2638 1243 2682 Ἐπίκουρος
1271 2665 1278 2673 .
1297 2664 1305 2672 .
1325 2665 1332 2671 .
1361 2638 1405 2671 23
1434 2637 1560 2681 βρωτά

146 2697 280 2729 omissa
305 2698 339 2729 in
367 2709 474 2739 marg.
504 2699 648 2741 Supplet
674 2699 702 2730 F
738 2701 742 2740 Ι
778 2698 824 2731 23
852 2697 967 2740 βροτά
994 2698 1061 2729 Fu
1097 2698 1102 2739 Ι
1136 2697 1183 2730 24
1210 2698 1254 2730 cs.
1274 2698 1340 2739 Ep.
1360 2707 1413 2739 cp.
1435 2697 1561 2729 111132

146 2767 180 2799 p.
198 2757 256 2795 64,
274 2756 318 2789 21
348 2763 381 2789 et
409 2763 498 2791 sent.
527 2766 552 2789 v
579 2769 656 2789 cum
685 2757 899 2790 testimoniis
935 2758 940 2798 1
976 2757 1022 2789 30
1048 2756 1198 2801 uentris]
1226 2757 1270 2790 cs.
1299 2757 1338 2789 sr.
1358 2756 1426 2790 409
