1842 3250
189 472 258 506 243

285 209 352 243 178
737 211 941 244 EPICVRI
975 212 1236 245 CANONICA

281 322 329 357 τὰ
355 324 427 367 γὰρ
453 325 632 359 κανονικὰ
658 327 812 368 πρῶτον
840 325 1110 369 ἐπιθεωροῦσιν
1137 325 1221 369 περί
1245 337 1288 361 τε
1316 326 1486 369 ἐναργῶν
1513 327 1573 360 καὶ
1599 325 1690 369 ἀδή-

283 390 360 422 λων
387 388 447 423 καὶ
473 389 551 422 τῶν
577 388 728 430 τούτοις
753 388 973 424 ἀκολούθων
999 390 1220 432 ποιούμενοι
1245 391 1316 432 τὴν
1342 390 1546 432 ὑφήγησιν.

403 469 543 505 Cmnno
570 471 615 504 de
634 472 765 505 finibus
783 480 798 505 1
818 471 875 511 19,
893 472 938 507 63
964 472 1026 505 ‘In
1052 473 1241 505 dialectica
1269 477 1385 505 autem
1410 477 1530 505 uestra
1554 471 1690 505 nullam

283 534 496 568 existimauit
523 546 601 568 esse
633 546 698 568 nec
725 537 769 568 ad
795 536 924 570 melius
951 537 1144 570 uiuendum
1170 547 1235 569 nec
1261 537 1305 569 ad
1332 536 1552 570 commodius
1581 537 1691 569 disse·

282 599 430 631 rendum
451 599 555 638 uiam,
583 600 618 632 in
637 599 795 644 physicis
821 600 1011 644 plurimum
1037 601 1167 644 posuit.
1195 611 1236 633 ea
1263 601 1412 634 scientia
1437 607 1472 634 et
1497 601 1689 634 uerborum

283 662 337 695 uis
363 667 399 695 et
423 668 549 696 natura
575 664 746 696 orationis
774 669 810 697 et
835 664 1126 708 consequentium
1160 666 1478 708 repugnantiumue
1507 666 1597 697 ratio
1628 676 1690 709 po-

282 732 351 759 test
377 727 541 771 perspici.
593 728 747 760 omnium
776 732 890 761 autem
916 738 1032 761 rerum
1061 734 1185 761 natura
1212 729 1354 770 cognita
1379 729 1539 762 leuamur
1571 740 1689 773 super-

282 792 440 831 stitione,
465 791 658 825 liberamur
684 793 807 825 mortis
832 799 926 826 metu
957 818 1105 827 ......
1132 799 1205 826 tum
1232 804 1317 826 uero
1339 794 1369 826 si
1388 795 1552 828 stabilem
1578 794 1690 827 scien-

280 855 364 888 tiam
396 866 510 888 terum
543 855 756 894 tenebimus,
797 862 936 889 seruata
968 857 1033 889 illa
1067 867 1157 900 quae
1190 858 1292 901 quasi
1327 858 1474 902 delapsa
1509 858 1553 890 de
1588 858 1689 891 caelo

280 926 335 953 est
360 920 403 953 ad
430 921 673 962 cognitionem
700 921 854 954 omnium
880 921 1015 963 regula,
1047 921 1092 953 ad
1122 932 1225 964 quam
1256 923 1372 955 omnia
1406 922 1540 955 iudicia
1573 933 1690 956 rerum

281 986 496 1027 derigentur,
526 996 716 1028 numquam
743 985 852 1018 ullius
878 986 1040 1019 oratione
1064 987 1149 1019 uicti
1176 988 1350 1020 sententia
1370 988 1593 1021 desistemus.
1620 988 1690 1021 nisi

279 1054 396 1082 autem
424 1060 538 1083 rerum
567 1056 690 1083 natura
715 1055 903 1097 perspecta
929 1051 1006 1089 erit,
1035 1050 1137 1083 nullo
1164 1051 1271 1084 modo
1299 1052 1494 1096 poterimus
1521 1062 1688 1085 sensuum

279 1114 412 1146 iudicia
437 1115 643 1149 defendere.
694 1115 865 1158 quicquid
892 1125 998 1157 porro
1025 1115 1140 1147 animo
1169 1116 1357 1154 cernimus,
1382 1116 1420 1148 id
1447 1127 1551 1149 omne
1578 1116 1690 1150 oritur

280 1188 300 1210 a
327 1178 503 1217 sensibus,
544 1179 606 1222 qui
631 1180 662 1211 si
689 1189 812 1212 omnes
841 1179 918 1211 ueri
953 1184 1065 1217 erunt,
1104 1184 1141 1212 ut
1167 1179 1313 1222 Epicuri
1338 1179 1429 1212 ratio
1459 1179 1577 1223 docet,
1615 1186 1689 1213 tum

281 1242 435 1287 denique
462 1244 592 1285 poterit
618 1242 755 1286 aliquid
782 1243 950 1285 cognosci
979 1249 1014 1276 et
1038 1243 1184 1286 percipi.
1218 1254 1309 1287 quos
1335 1244 1396 1287 qui
1421 1244 1555 1277 tollunt
1578 1249 1613 1277 et
1638 1245 1688 1277 ni-

279 1307 332 1339 hil
358 1318 465 1350 posse
497 1307 635 1351 percipi
667 1307 802 1346 dicunt,
839 1307 866 1340 ii
892 1307 1036 1340 remotis
1069 1307 1234 1340 sensibus
1261 1318 1305 1340 ne
1331 1308 1368 1340 id
1394 1308 1510 1351 ipsum
1542 1308 1688 1352 quidem

281 1371 448 1415 expedire
480 1378 632 1415 possunt
666 1372 763 1416 quod
799 1372 988 1405 disserunt.
1038 1378 1222 1416 praeterea
1254 1372 1396 1405 sublata
1422 1373 1627 1415 cognitione
1653 1377 1688 1406 et

280 1433 429 1466 scientia
448 1435 588 1467 tollitur
615 1435 729 1467 omnis
748 1435 837 1467 ratio
866 1439 901 1467 et
926 1436 1021 1467 uitae
1039 1435 1224 1475 degendae
1252 1440 1286 1467 et
1312 1446 1428 1469 rerum
1445 1437 1690 1479 gerendarum.

281 1500 332 1532 sic
357 1510 376 1532 e
402 1499 561 1543 physicis
589 1504 623 1531 et
650 1499 822 1532 fortitudo
850 1499 997 1532 sumitur
1023 1505 1147 1532 contra
1164 1500 1287 1533 mortis
1306 1501 1468 1534 timorem
1496 1525 1615 1535 .....
1643 1506 1689 1539 et,

278 1570 317 1597 ut
342 1565 447 1597 modo
476 1564 593 1603 docui,
629 1563 847 1605 cognitionis
873 1564 997 1605 regula
1023 1570 1058 1596 et
1083 1564 1217 1597 iudicio
1245 1565 1290 1597 ab
1317 1565 1443 1597 eadem
1470 1565 1534 1597 illa
1559 1565 1690 1597 consti-

279 1634 355 1663 tuto
382 1629 457 1662 ueri
484 1639 504 1661 a
530 1629 621 1661 falso
649 1628 832 1661 distinctio
861 1628 1010 1661 traditur
1022 1628 1039 1662 ².

279 1694 374 1727 idem
391 1695 480 1729 ibid.
500 1703 513 1728 1
533 1695 566 1733 7,
582 1694 627 1728 22
654 1694 742 1726 ‘iam
768 1692 806 1726 in
832 1693 942 1726 altera
967 1693 1221 1738 philosophiae
1246 1699 1357 1737 parte,
1383 1704 1475 1738 quae
1503 1699 1556 1727 est
1584 1704 1688 1738 quae-

279 1759 381 1792 rendi
406 1770 446 1792 ac
473 1759 686 1797 disserendi,
714 1770 804 1802 quae
828 1758 959 1801 λογική
986 1759 1125 1798 dicitur,
1153 1760 1221 1792 iste
1247 1765 1366 1792 uester
1392 1760 1508 1804 plane,
1539 1765 1577 1793 ut
1603 1759 1689 1792 mihi

278 1824 423 1867 quidem
448 1825 602 1867 uidetur,
639 1825 783 1857 inermis
810 1834 850 1857 ac
877 1824 992 1858 nudus
1020 1829 1083 1857 est.
1127 1824 1225 1858 tollit
1250 1824 1489 1864 definitiones,
1524 1825 1615 1857 nihil
1643 1826 1688 1858 de

279 1888 475 1921 diuidendo
498 1899 536 1921 ac
553 1889 742 1932 partiendo
767 1889 884 1929 docet,
910 1900 982 1923 nou
1011 1900 1082 1932 quo
1109 1890 1218 1922 modo
1245 1890 1420 1923 efficiatur
1443 1890 1689 1923 concludatur-

279 1963 347 1996 que
367 1953 455 1986 ratio
475 1953 593 1991 tradit,
620 1964 690 1986 non
718 1964 787 1997 qua
806 1954 864 1986 uia
882 1954 1041 1997 captiosa
1060 1954 1256 1992 soluantur,
1284 1954 1447 1995 ambigua
1469 1955 1686 1996 distinguan-

278 2024 335 2050 tur
365 2018 539 2050 ostendit:
581 2018 712 2050 iudicia
738 2028 853 2050 rerum
880 2017 915 2049 in
942 2017 1106 2049 sensibus
1133 2017 1247 2059 ponit,
1274 2017 1405 2060 quibus
1430 2017 1461 2049 si
1487 2018 1599 2051 semel
1624 2017 1687 2050 ali-

278 2083 364 2125 quid
397 2083 477 2115 salsi
509 2093 573 2125 pro
608 2093 695 2114 uero
729 2082 918 2125 probatum
951 2082 1013 2119 sit,
1054 2081 1232 2114 sublatum
1265 2091 1344 2114 esse
1380 2091 1484 2114 omne
1516 2081 1687 2115 iudicium

278 2148 355 2180 ueri
381 2152 415 2179 et
439 2148 523 2180 falsi
548 2152 656 2190 putat.
709 2146 891 2179 confirmat
924 2150 1037 2178 autem
1072 2146 1165 2178 illud
1190 2145 1249 2178 uel
1276 2146 1439 2185 maxime,
1479 2146 1577 2189 quod
1609 2147 1688 2190 ipsa

278 2218 413 2251 natura,
441 2218 478 2245 ut
505 2213 552 2244 ait
576 2212 653 2249 ille,
681 2213 810 2244 sciscat
835 2217 870 2243 et
894 2211 1034 2254 probet,
1061 2211 1099 2243 id
1125 2216 1179 2243 est
1206 2211 1424 2254 uoluptatem
1451 2215 1486 2242 et
1512 2210 1686 2244 dolorem.

278 2277 323 2310 ad
350 2277 438 2309 haec
466 2284 499 2309 et
525 2287 615 2320 quae
643 2286 830 2319 sequamur
856 2281 890 2308 et
916 2286 1006 2319 quae
1035 2274 1209 2316 fugiamus
1236 2276 1345 2307 refert
1371 2275 1516 2308 omnia’.

279 2339 538 2375 HIERONYMVS
564 2347 687 2373 contra
711 2340 882 2373 Rufinum
908 2348 922 2373 Ι
949 2341 994 2374 30
1020 2347 1041 2373 t.
1062 2348 1092 2372 Ιῐ
1119 2351 1152 2382 p.
1172 2338 1260 2372 487¹>
1298 2339 1353 2372 ‘et
1379 2340 1546 2382 quoniam
1573 2339 1685 2372 Stoici

398 2497 418 2529 2
444 2497 676 2540 ποιούμενοι]
704 2499 903 2531 ποιοῦνται
929 2497 1010 2529 libri
1053 2496 1068 2540 Η
1111 2496 1156 2529 22
1176 2507 1227 2538 sq.
1257 2496 1314 2528 his
1342 2496 1435 2529 adde
1461 2506 1552 2540 quae
1578 2505 1688 2538 supra

278 2568 311 2598 p.
332 2556 452 2594 88,ὅὲ
473 2568 524 2599 sq.
559 2557 733 2599 conposui
796 2557 801 2598 Ι
864 2557 908 2590 24
943 2556 1039 2589 tollit
1070 2554 1313 2600 definitiones]
1347 2562 1386 2586 ut
1421 2554 1481 2596 qui
1512 2552 1685 2586 Cicerone

278 2615 417 2647 Luculli
446 2615 478 2653 6,
504 2616 542 2647 l'a‘
571 2621 712 2647 auctore
738 2615 954 2648 ‘orationem
981 2615 1116 2648 nullam
1141 2616 1312 2658 putabant
1336 2613 1577 2647 inlustriorem
1605 2613 1682 2656 ipsa

278 2675 458 2706 euidentia
485 2672 690 2718 (ἐναργείᾳ)
722 2674 868 2717 reperiri
904 2684 1010 2716 posse
1045 2684 1109 2706 nec
1143 2685 1183 2706 ea
1215 2684 1305 2716 quae
1336 2677 1405 2704 tam
1438 2673 1533 2704 clara
1566 2677 1684 2704 essent

279 2733 477 2764 definienda
506 2732 727 2766 censebant‘.
770 2733 813 2765 cf.
841 2737 1022 2775 praeterea
1053 2733 1092 2766 fr.
1111 2732 1181 2765 ⁴257

1716 933 1748 957 ln

1713 994 1777 1027 (οι)

1715 1249 1746 1274 15

1712 1568 1747 1594 ⁴:¹0

1712 1895 1745 1920 ‘25

1710 2214 1745 2240 30
