1842 3250
679 200 887 235 EPICVRI
913 199 1103 233 ETHICA
1529 198 1601 233 333

180 326 261 352 νειν
294 317 443 358 ἐῶντες,
484 315 535 359 μὴ
566 314 757 358 λέγωμεν·
801 314 861 350 ὅτι
893 314 926 349 δ’
953 314 1024 350 οὐκ
1058 314 1162 350 ἔστιν
1192 313 1270 349 ἀπὸ
1299 313 1451 349 τούτων
1479 313 1601 357 ἡδέως

179 382 260 424 Ζῆν,
286 380 450 416 αὐτόθεν
476 380 682 425 πρόδηλον.

74 456 167 492 580*
305 458 449 493 CICERO
476 470 527 492 or.
553 470 618 503 pro
636 459 677 493 P.
696 459 815 492 Sestio
846 459 900 498 10,
919 458 965 492 23
991 458 1265 503 ³(philosophos
1283 459 1324 491 P.
1343 458 1510 502 Clodius)
1536 465 1600 491 eos

180 523 350 556 laudabat
388 523 552 562 maxime,
593 523 654 567 qui
695 523 860 556 dicuntur
899 528 1039 567 praeter
1074 529 1212 556 ceteros
1248 533 1328 556 esse
1363 527 1524 556 auctores
1563 528 1599 556 et

136 594 152 620 5
179 588 387 620 laudatores
414 586 611 631 uoluptatis
639 612 759 622 .....
788 587 1007 632 eosdemque
1036 587 1218 631 praeclare
1243 588 1362 620 dicere
1389 588 1519 627 aiebat,
1546 598 1599 620 sa—

179 651 310 695 pientis
339 651 457 684 omnia
484 662 548 683 sua
573 661 678 684 eausa
706 652 835 691 facere,
876 662 947 684 rem
981 651 1162 695 publicam
1195 661 1382 695 capessere
1418 651 1598 684 hominem

178 716 273 749 bene
299 725 423 748 sanum
450 725 521 748 non
542 720 726 759 oportere3
752 715 843 748 nihil
870 726 950 748 esse
975 715 1230 759 praestabilius
1259 715 1378 748 otiosa
1403 715 1478 749 uita
1494 715 1601 759 plena

179 784 215 812 et
253 779 412 813 conferta
446 780 717 823 uoluptatibus:
764 790 826 812 eos
862 784 991 818 autem,
1028 780 1090 822 qui
1126 779 1285 812 dicerent
1319 780 1485 821 dignitati
1520 790 1600 812 esse

179 844 420 883 seruiendum,
446 843 498 877 rei
515 844 682 888 publicae
708 844 978 883 consulendum,
1006 843 1103 876 offici
1129 844 1303 876 rationem
1329 844 1365 876 in
1392 844 1488 876 omni
1514 844 1601 883 uita,

124 915 156 939 ιο
181 919 254 941 non
280 908 459 941 commodi
485 918 565 941 esse
591 908 802 948 ducendam,
835 910 1000 942 adeunda
1025 919 1090 952 pro
1117 909 1230 953 patria
1255 909 1425 953 pericula,
1451 909 1602 941 uolnera

179 973 402 1016 excipienda,
435 978 583 1005 mortem
612 974 863 1017 oppetendam,
899 973 1086 1016 uaticinari
1111 978 1217 1017 atque
1243 974 1398 1007 insanire
1426 973 1598 1008 dicebat’.

81 1051 148 1086 581
300 1052 545 1088 LAc'rANTws
572 1054 684 1088 diuin.
712 1055 823 1088 instit.
852 1061 896 1087 111
926 1056 981 1092 17,
1001 1054 1048 1088 39
1079 1053 1176 1086 ‘cum
1202 1054 1361 1098 disputat
1387 1054 1600 1099 (Epicurus)

181 1119 328 1152 omnia
353 1119 604 1162 sapientem
632 1129 706 1151 sua
733 1129 888 1151 caussa
915 1118 1073 1157 facere,
1101 1119 1143 1151 ad
1163 1118 1353 1152 utilitatem
1374 1130 1472 1152 suam
1491 1120 1600 1153 refert

178 1183 298 1216 omnia
325 1193 416 1226 quae
444 1183 545 1225 agit’.

122 1253 154 1279 lb
181 1248 270 1281 ibid.
302 1248 356 1287 17,
376 1248 397 1282 4
423 1247 654 1281 ‘inhumanus
683 1254 719 1280 et
744 1248 819 1281 suis
846 1248 1046 1280 commodis
1074 1248 1234 1281 seruiens
1260 1248 1403 1281 iubetur
1428 1247 1489 1292 (ab
1515 1248 1601 1293 Epi-

179 1315 280 1357 curo)
295 1312 386 1345 nihil
405 1313 569 1355 cuiquam
587 1312 756 1351 tribuere,
775 1313 895 1345 onmia
913 1313 1005 1345 enim
1025 1323 1089 1345 sua
1106 1323 1230 1346 caussa
1244 1313 1358 1346 facere
1374 1313 1569 1357 sapientem
1577 1313 1598 1348 '.

81 1393 151 1427 582
301 1391 481 1427 cmiii-:us
508 1393 615 1428 Alex.
635 1398 756 1427 strom.
785 1401 826 1427 1v
846 1393 892 1427 22
911 1405 944 1437 p.
960 1393 1042 1428 228,
1058 1394 1078 1427 7
1098 1394 1199 1437 Sylb.
1225 1395 1286 1428 καὶ
1312 1394 1333 1428 ὅ
1359 1404 1402 1436 γε
1429 1393 1598 1429 Ἐπίκου-

178 1467 245 1501 ρος
271 1456 412 1492 ἀδικεῖν
438 1457 499 1492 ἐπὶ
533 1456 657 1501 κέρδει
689 1457 762 1491 τινὶ
791 1456 886 1501 (μὴ)
916 1457 1116 1500 βούλεσθαί
1149 1467 1244 1502 φησι
1276 1458 1346 1493 τὸν
1371 1459 1454 1493 κατ’
1481 1458 1600 1494 αὐτὸν

180 1520 323 1564 σοφόν·
362 1520 490 1556 πίστιν
515 1521 588 1565 γὰρ
613 1522 739 1563 λαβεῖν
767 1523 851 1565 περὶ
877 1525 947 1556 τοῦ
974 1524 1102 1557 λαθεῖν
1128 1522 1174 1556 οὐ
1201 1522 1396 1557 δύνασθαι.
1440 1524 1540 1558 ὥστε
1567 1523 1599 1558 εἰ

119 1598 156 1625 20
180 1586 426 1630 πεισθήσεται
451 1586 591 1629 λήσειν,
618 1585 790 1630 ἀδικήσει
816 1588 897 1621 κατ’
925 1587 1053 1621 αὐτόν.

82 1673 151 1708 583
300 1666 497 1702 ΙιΔΕΒτΝε
524 1667 636 1702 Dwo.
662 1677 689 1702 x
720 1668 788 1702 118
824 1667 973 1710 γυναικί
1002 1679 1044 1704 τε
1072 1669 1191 1712 (δοκεῖ
1218 1668 1445 1714 Ἐπικούρῳ)
1472 1669 1518 1704 οὐ
1546 1681 1601 1713 μι-

178 1731 362 1775 γήσεσθαι
388 1732 456 1767 τὸν
483 1733 607 1776 σοφὸν
634 1733 657 1778 ᾗ
687 1732 722 1767 οἱ
747 1733 857 1775 νόμοι
884 1733 1201 1777 ἀπαγορεύουσιν,
1231 1734 1282 1775 ὥς
1300 1744 1395 1778 φησι
1413 1734 1601 1779 Διογένης

179 1796 221 1831 ἐν
251 1799 300 1842 τῇ
325 1796 506 1842 Ἐπιτομῇ
533 1798 613 1831 τῶν
638 1796 861 1841 Ἐπικούρου
889 1797 1032 1840 ἠθικῶν
1059 1797 1273 1840 δογμάτων.

83 1877 155 1913 584
303 1875 499 1912 LAER'HVS
526 1876 637 1911 DIOG.
663 1886 691 1910 x
720 1876 789 1910 120
813 1876 909 1921 τύχῃ
936 1887 978 1910 τε
1007 1876 1090 1920 (τὸν
1110 1877 1235 1921 σοφὸν
1254 1877 1463 1924 Ἐπικούρῳ
1483 1880 1601 1923 δοκεῖ)

122 1948 155 1979 25
181 1940 464 1977 ἀντιτάξεσθαι·
491 1940 607 1985 φίλην
633 1941 705 1985 γὰρ
732 1941 872 1975 οὐδένα
899 1941 1115 1984 κτήσεσθαι.

180 2005 324 2040 CICERO
348 2007 454 2042 Tusc.
484 2007 576 2050 disp.
603 2014 646 2039 m
673 2006 731 2044 20,
751 1992 945 2046 49“11egat
971 2007 1182 2051 (Epicurus)
1207 2006 1316 2040 ullam
1344 2008 1379 2040 in
1406 2008 1601 2051 sapientem

181 2070 252 2103 uim
275 2081 356 2103 esse
383 2070 574 2104 fortunae’.
626 2071 670 2105 cf.
696 2078 723 2103 v
750 2070 809 2114 26,
829 2071 874 2104 73
902 2069 1022 2115 (supra
1048 2082 1082 2114 p.
1103 2071 1184 2110 307,
1204 2071 1253 2111 7).

83 2147 154 2186 585
302 2149 454 2185 SENECA
470 2150 556 2196 dial.
571 2159 598 2184 11
618 2151 661 2184 ad
678 2151 847 2184 Serenum
865 2152 910 2184 de
925 2153 1124 2186 constantia
1142 2152 1314 2195 sapientis
1330 2164 1357 2187 e.
1377 2153 1430 2191 16,
1455 2155 1467 2185 l
1487 2152 1601 2195 ‘quod

182 2226 212 2247 <A
238 2216 416 2259 Epicurus
441 2226 601 2260 quoque,
639 2216 700 2258 qui
727 2216 867 2258 corpori
894 2216 1085 2259 plurimum
1112 2217 1274 2252 indulsit.
1314 2218 1485 2250 aduersus
1512 2218 1601 2251 iniu-

307 2369 350 2403 13
377 2369 422 2403 cf.
450 2370 492 2404 fr.
511 2370 581 2404 523
634 2371 650 2415 n
706 2372 749 2405 17
777 2372 986 2416 particulam
1015 2373 1217 2415 neg-atinam
1251 2373 1487 2406 necessarimm
1522 2384 1601 2406 esse

182 2427 274 2460 uidit
290 2427 491 2462 Lowthius.
527 2429 574 2462 de
592 2440 629 2462 re
648 2430 693 2464 cs.
712 2431 753 2464 fr.
772 2431 854 2469 532,
882 2431 1008 2464 cicero
1028 2432 1073 2464 de
1093 2432 1223 2465 finibus
1243 2440 1269 2465 11
1288 2433 1322 2471 9,
1337 2432 1384 2465 28
1409 2434 1453 2464 de
1473 2432 1602 2465 officiis

184 2493 228 2519 111
243 2484 278 2530 9,
296 2486 342 2520 39
376 2486 382 2530 Ι
423 2487 465 2521 19
480 2498 533 2531 sq.
551 2488 596 2523 cf.
615 2488 656 2522 sr.
675 2489 717 2523 18
756 2489 761 2534 Ι
798 2490 846 2523 20
863 2490 1088 2533 πιστήσεται
1108 2492 1218 2524 fertur
1246 2490 1261 2534 {l
1292 2491 1337 2525 22
1356 2490 1395 2536 ᾖ]
1417 2502 1439 2534 η
1455 2492 1501 2524 1²¹
1528 2491 1552 2534 ἢ
1572 2492 1602 2523 Β

185 2542 220 2579 οἳ
239 2545 278 2578 F.
305 2545 350 2577 de
373 2556 410 2577 re
437 2546 482 2579 cs.
501 2547 540 2579 fr.
559 2547 630 2581 535
656 2558 733 2580 cum
754 2549 847 2586 adn„
873 2550 1049 2581 Arrianus
1066 2550 1183 2592 Epict.
1202 2549 1288 2584 diss.
1308 2557 1332 2583 11
1353 2551 1387 2583 4.
1413 2550 1462 2584 ib.
1485 2550 1540 2593 10,
1560 2550 1603 2584 18

186 2607 223 2634 et
240 2613 317 2635 cum
336 2604 508 2636 inrisione
527 2605 673 2649 Epicuri
692 2614 732 2640 ΠΙ
753 2608 787 2646 7,
805 2608 848 2641 16
878 2607 893 2651 ΙΙ
923 2608 969 2641 24
989 2609 1032 2641 cf.
1054 2609 1118 2651 Ep.
1139 2614 1227 2642 sent.
1246 2616 1318 2643 xvl
1338 2619 1416 2641 cum
1437 2608 1603 2642 subsidio

186 2660 344 2704 interpr..
370 2662 412 2696 fr.
431 2662 501 2696 489
548 2664 554 2706 Ι
599 2665 645 2697 25
672 2664 933 2701 ἀντιτάξεσθαι
959 2666 1045 2700 H2f:
1074 2665 1341 2701 ἀντιτάξασθαι
1368 2668 1477 2700 ceteri
1506 2664 1512 2711 Ι
1543 2666 1602 2709 φί-

184 2720 252 2755 λων
278 2720 412 2762 BPQH
440 2720 564 2764 φίλων
592 2723 641 2755 Fs
657 2723 663 2766 Ι
685 2722 773 2768 γὰρ]
799 2734 841 2758 τε
868 2723 950 2755 libri
974 2724 979 2766 Ι
1002 2724 1115 2758 οὐδὲν
1141 2725 1196 2758 Fs.
1229 2725 1273 2759 cs.
1301 2731 1389 2758 sent.
1409 2733 1538 2758 xxxlx
