1842 3250
170 595 186 620 5

125 790 187 823 (⁶⁰)

137 917 188 958 '10

136 1260 139 1261 γ
155 1241 186 1267 15

125 1302 202 1339 (51)ι

210 218 253 251 fr.
279 217 349 251 352
692 217 897 248 EPICVRI
924 217 1138 249 PHYSICA
1551 215 1621 248 235

211 342 328 370 sensu,
356 331 420 378 sed
447 338 563 363 mente
591 335 778 363 cernantur
802 342 866 363 nee
894 331 1074 364 soliditate
1100 331 1252 374 quadam
1280 341 1343 362 nec
1371 332 1414 362 ad
1441 341 1621 362 numerum

210 401 248 429 ut
274 407 315 428 ea
340 406 429 438 quae
457 394 519 426 ille
546 400 691 437 propter
718 394 915 427 firmitatem
945 395 1149 437 στερέμνια
1171 395 1346 438 appellat:
1375 395 1439 427 sed
1465 395 1623 436 imagini-

210 460 278 492 bus
305 459 540 492 similitudine
571 465 606 491 et
630 460 839 491 transitione
867 462 1056 503 perceptiS,
1084 470 1161 492 cum
1189 460 1325 492 infinita
1352 459 1621 492 simillumarum

209 525 402 566 imaginum
427 525 538 556 series
565 534 607 556 ex
631 524 951 556 innumerabilibus
978 525 1175 557 indiuiduis
1204 525 1331 557 existat
1355 530 1391 556 et
1416 524 1460 556 ad
1479 535 1544 556 nos
1564 524 1623 555 ad-

210 589 305 628 fluat,
346 599 424 621 cum
450 589 609 621 maximis
638 589 883 631 uoluptatibus
915 590 952 621 in
979 599 1038 621 eas
1065 590 1237 630 imagines
1268 594 1423 621 mentem
1456 589 1624 620 intentam

209 655 422 697 infixamque
448 657 606 686 nostram
632 653 915 694 intellegentiam
943 664 1079 697 capere,
1122 664 1213 696 quae
1239 653 1285 685 sit
1312 658 1347 685 et
1372 653 1477 686 beata
1502 657 1624 685 natura

210 723 245 751 et
270 723 425 751 aeterna.

259 793 394 815 summa
419 793 506 814 uero
533 783 587 815 uis
613 782 809 821 infinitatis,
848 787 883 814 et
908 793 1034 823 magna
1061 793 1100 814 ac
1128 782 1294 823 diligenti
1323 781 1624 825 contemplatione

210 847 421 888 dignissima
447 851 511 885 est,
551 847 587 879 in
613 858 683 889 qua
712 847 875 889 intellegi
908 858 1058 879 neccsse
1086 852 1140 878 est
1167 857 1242 879 eam
1271 857 1351 879 esse
1378 852 1547 884 naturam,
1587 852 1625 878 ut

211 912 329 944 omnia
356 912 524 944 omnibus
551 912 696 954 paribus
722 912 820 954 paria
846 912 1100 954 respondeant.
1128 912 1219 943 hanc
1246 910 1441 952 ἰσονομίαν
1469 909 1626 954 appellat

210 976 398 1018 Epicurus,
425 977 461 1008 id
489 982 542 1009 est
569 976 794 1019 aequabilem
822 977 1062 1009 tributionem.
1106 987 1149 1008 ex
1175 976 1239 1008 hac
1268 976 1375 1017 igitur
1399 975 1491 1008 illud
1518 975 1626 1007 effici-

211 1045 277 1077 tur,
310 1041 341 1072 si
367 1040 569 1073 mortalium
597 1045 691 1072 tanta
717 1041 909 1072 multitudo
937 1041 995 1077 sit,
1032 1051 1112 1072 esse
1138 1041 1378 1073 inmortalium
1411 1051 1483 1072 non
1512 1040 1625 1072 mino-

211 1115 293 1142 rem,
332 1109 368 1137 et
394 1104 424 1136 si
450 1113 542 1147 quae
568 1103 768 1135 interimant
800 1103 1077 1135 innumerabilia
1103 1103 1183 1142 sint,
1224 1103 1327 1135 etiam
1355 1114 1397 1135 ea
1423 1113 1513 1146 quae
1543 1113 1626 1134 eon-

212 1173 354 1201 seruent
378 1168 515 1201 infinita
541 1177 620 1200 esse
646 1168 790 1200 debere.

259 1234 305 1266 Et
330 1244 500 1276 quaerere
528 1243 548 1264 a
573 1233 680 1265 nobis
707 1233 845 1271 soletis,
871 1242 962 1275 quae
991 1233 1066 1264 uita
1092 1233 1238 1265 deorum
1266 1232 1312 1264 sit
1337 1242 1499 1275 quaeque
1518 1233 1563 1264 ab
1582 1233 1625 1264 iis

212 1299 361 1339 degatur
386 1303 494 1331 aetas·
534 1308 576 1330 ea
604 1297 787 1335 uidelicet,
815 1308 884 1340 qua
911 1298 1001 1329 nihil
1029 1298 1181 1335 beatius,
1208 1297 1298 1329 nihil
1326 1297 1492 1329 omnibus
1520 1296 1626 1328 bonis

211 1362 399 1395 afluentius
440 1363 591 1405 cogitari
624 1367 754 1405 potest.
806 1362 895 1394 nihil
930 1363 1024 1394 enim
1059 1362 1143 1403 agit,
1183 1362 1293 1394 nullis
1331 1362 1626 1404 occupationibus

211 1432 266 1460 est
292 1427 495 1471 inplicatuS,
527 1426 627 1459 nulla
654 1437 762 1469 opera
788 1426 945 1464 molitur,
980 1437 1042 1458 sua
1069 1427 1243 1469 sapientia
1269 1432 1303 1458 et
1328 1427 1459 1458 uirtute
1484 1427 1627 1467 gaudet,

210 1491 319 1525 habet
346 1491 570 1534 exploratum
597 1492 672 1523 sore
701 1502 739 1523 se
769 1501 910 1533 semper
935 1501 1013 1523 cum
1041 1491 1077 1523 in
1101 1490 1275 1528 maximis,
1311 1495 1385 1522 tum
1410 1491 1447 1523 in
1473 1491 1626 1523 aeternis

212 1626 342 1669 inquis,
384 1624 590 1668 suppeditat
624 1630 832 1657 atomorum.
877 1634 959 1656 num
987 1624 1110 1656 eadem
1137 1633 1221 1663 ergo
1248 1624 1315 1654 ista
1345 1623 1462 1661 saciet,
1496 1629 1534 1655 ut
1557 1624 1628 1655 sint

213 1685 334 1717 omnia
356 1683 612 1728 sempiternaP’
644 1684 715 1715 uid.
735 1683 900 1715 RHirzel
928 1689 1086 1714 unterss.
1106 1694 1132 1714 z.
1154 1682 1295 1714 Ciceros
1316 1683 1451 1724 plzz‘los.
1476 1683 1596 1715 sclzrr.
1614 1690 1629 1714 Ι

212 1755 247 1787 p.
266 1744 312 1778 46
327 1755 405 1787 sqq.
444 1743 450 1786 Ι
492 1744 507 1776 1
538 1743 581 1776 cs.
603 1742 659 1781 38,
679 1742 744 1775 108
772 1742 855 1774 ‘uos
876 1753 947 1774 non
965 1742 1073 1773 modo
1093 1741 1208 1773 oculis
1227 1742 1413 1783 imagines,
1440 1742 1502 1772 sed
1523 1741 1627 1772 etiam

214 1804 339 1836 animis
357 1802 562 1835 inculcatis‘
578 1810 604 1835 n
619 1803 676 1841 30,
689 1803 734 1836 76
756 1802 762 1844 Ι
786 1806 961 1833 cernatur
975 1801 1073 1833 libri:
1093 1811 1181 1833 corr.
1198 1800 1465 1832 Schoemannus
1498 1800 1503 1841 Ι
1540 1801 1556 1832 1
1575 1811 1627 1843 sq.

215 1862 258 1896 cs.
285 1862 344 1901 27,
364 1862 408 1896 75
434 1862 543 1894 ‘illud
573 1862 680 1894 uideo
708 1871 865 1904 pugnare
893 1865 938 1902 te,
967 1861 1105 1903 species
1132 1864 1169 1891 ut
1195 1859 1367 1901 quaedam
1396 1859 1441 1890 sit
1468 1858 1627 1896 deorum,

214 1932 304 1965 quae
335 1921 426 1953 nihil
452 1922 609 1954 concreti
639 1921 779 1958 habeat,
819 1920 909 1952 nihil
944 1919 1065 1958 solidi,
1104 1918 1194 1951 nihil
1222 1919 1391 1961 expressi,
1429 1918 1520 1950 nihil
1547 1919 1629 1950 emi-

215 1981 344 2019 nentis,
379 1981 495 2024 sitque
522 1991 609 2024 pura
635 1980 727 2012 leuis
753 1978 955 2022 perlucida’
1003 1978 1008 2021 Ι
1057 1979 1077 2012 3
1096 1990 1148 2021 sq.
1175 1979 1218 2011 cf.
1244 1978 1385 2016 41,114
1412 1977 1492 2009 ‘nec
1522 1978 1627 2010 uideo

215 2052 286 2083 quo
312 2040 419 2073 modo
447 2051 519 2072 non
544 2044 708 2072 uereatur
730 2040 798 2071 iste
816 2030 913 2070 Heus
937 2039 1063 2070 beatus
1090 2048 1133 2071 ne
1160 2038 1320 2076 intereat,
1348 2048 1425 2068 cum
1453 2037 1528 2069 sine
1554 2036 1630 2068 ulla

214 2100 476 2132 intermissione
507 2099 672 2142 pulsetur
699 2098 921 2139 agiteturque
949 2102 1145 2130 atomorum
1173 2096 1375 2128 incursione
1403 2097 1628 2139 sempiterna,

215 2169 366 2202 cumque
394 2170 434 2191 ex
462 2159 542 2201 ipso
571 2157 743 2199 imagines
774 2167 913 2199 semper
941 2156 1088 2188 afluant'
1118 2155 1305 2200 [affluant
1327 2155 1428 2188 libri:
1457 2165 1545 2187 corr.
1566 2156 1630 2186 Pa-

215 2228 309 2256 reus,
335 2218 381 2250 cf.
408 2218 583 2250 Dombart
609 2218 645 2250 in
672 2216 900 2248 Fleckeiseni
929 2215 1047 2247 annali
1077 2215 1168 2249 1877
1195 2226 1229 2257 p.
1248 2213 1334 2259 346]
1390 2213 1395 2254 Ι
1450 2213 1472 2246 4
1504 2213 1630 2257 series]

202 2278 351 2319 species
378 2276 482 2309 libri:
510 2288 598 2310 corr.
620 2277 766 2318 Brieger
783 2278 908 2308 beitrr.
928 2287 954 2307 z.
976 2276 1089 2307 kritik
1107 2276 1252 2315 eim‘ger
1264 2275 1400 2315 philos.
1418 2274 1537 2306 schrr.
1560 2273 1630 2306 Cic.

215 2335 433 2379 (Posnaniae
456 2336 562 2379 1873)
589 2347 622 2379 p.
646 2336 687 2368 13
719 2335 725 2377 Ι
753 2346 818 2367 nos
844 2334 1054 2366 Lambinus:
1084 2334 1166 2365 deos
1190 2333 1274 2367 libri
1323 2333 1328 2373 Ι
1377 2334 1398 2365 5
1424 2332 1468 2365 cf.
1489 2331 1630 2370 38,106

212 2392 340 2437 (supra
358 2395 402 2426 ad
419 2406 452 2438 p.
467 2395 550 2438 234,
567 2395 603 2438 5)
643 2392 648 2439 Ι
686 2394 806 2428 8-14
834 2394 877 2424 cs.
898 2392 955 2431 39,
974 2392 1041 2426 109
1066 2392 1247 2433 ‘confugis
1267 2392 1311 2423 ad
1331 2391 1629 2433 aequilibritatem

216 2451 281 2496 (sic
310 2453 403 2485 enim
429 2452 637 2497 ἰσονομίαν,
671 2455 700 2486 si
727 2453 855 2496 placet,
891 2451 1128 2495 appellemus)
1156 2456 1191 2483 et
1217 2451 1281 2493 ais,
1310 2451 1476 2494 quoniam
1501 2451 1546 2482 sit
1573 2461 1631 2482 na-

215 2516 293 2544 tura
324 2513 497 2556 mortalis,
537 2513 759 2546 inmortalem
793 2512 898 2544 etiam
932 2521 1012 2542 esse
1046 2514 1210 2553 oportere
1238 2535 1246 2542 .
1266 2535 1274 2542 .
1296 2534 1329 2542 ..
1367 2514 1400 2541 et
1434 2509 1516 2551 quia
1549 2513 1632 2542 sunt

217 2579 307 2612 quae
342 2571 554 2610 interimant,
588 2572 659 2603 sint
690 2582 781 2615 quae
810 2569 1038 2603 conseruent'
1102 2568 1108 2611 Ι
1177 2568 1218 2602 12
1247 2569 1291 2601 cs,
1319 2569 1376 2607 30,
1396 2567 1441 2601 84
1481 2567 1631 2600 ‘deinde

217 2629 399 2661 nominum
426 2641 497 2662 non
524 2641 671 2672 magnus
700 2641 863 2662 numerus
885 2656 892 2663 .
913 2656 918 2661 .
941 2655 947 2661 .
967 2654 976 2671 ,
1004 2629 1150 2660 deorum
1177 2632 1293 2660 autem
1319 2627 1607 2660 innumerabilis'
1628 2626 1632 2671 Ι

221 2687 262 2720 16
281 2699 358 2732 sqq.
386 2689 429 2722 cf.
458 2689 600 2733 4o‚111
633 2689 742 2732 ‘quae
770 2699 854 2730 ergo
883 2688 978 2720 uita?
1008 2686 1262 2730 suppeditatio,
1290 2686 1420 2729 inquis,
1443 2687 1631 2725 bonorum,

218 2746 318 2779 nullo
346 2748 519 2781 malorum
546 2748 764 2782 interuentu‘
791 2752 880 2791 eth.
927 2747 932 2789 Ι
982 2746 1025 2778 17
1051 2747 1272 2792 affluentius
1298 2745 1407 2779 fertur
