1846 3288
308 238 353 271 64
913 238 1120 270 EPICVRI

305 354 424 392 δειαν
457 351 672 406 ἐξαιρεθῇ·
733 351 801 392 καὶ
840 350 949 401 μάζα
981 352 1048 392 καὶ
1080 352 1196 403 ὕδωρ
1228 352 1306 401 τὴν
1338 351 1580 403 ἀκροτάτην
1611 350 1716 393 ἀπο·
1746 358 1807 391 131

304 423 482 464 δίδωσιν
511 424 686 474 ἡδονήν,
726 424 900 465 ἐπειδὰν
932 424 1095 465 ἐνδέων
1126 438 1189 474 τις
1222 424 1331 465 αὐτὰ
1362 425 1715 475 προσενέγκηται.

303 496 354 536 τὸ
383 497 622 538 συνεθίζειν
652 495 730 537 οὖν
764 497 810 537 ἐν
841 498 932 546 ταῖς
964 496 1118 546 ἁπλαῖς
1151 498 1218 537 καὶ
1250 496 1301 538 οὐ
1329 497 1586 538 πολυτελέσι
1613 496 1715 538 διαί-

303 582 396 619 ταις
428 566 496 610 καὶ
526 569 688 619 ὑγιείας
720 569 812 610 ἐστὶ
843 571 1202 620 συμπληρωτικὸν
1240 569 1307 610 καὶ
1338 570 1447 620 πρὸς
1478 569 1555 619 τὰς
1586 567 1715 617 ἀναγ-

304 641 427 692 καίας
464 643 540 683 τοῦ
581 642 674 692 βίου
713 642 889 691 χρήσεις
924 641 1086 683 ἄοκνον
1124 645 1235 683 ποιεῖ
1270 642 1346 683 τὸν
1384 641 1616 692 ἄνθρωπον
1648 641 1717 682 καὶ
1739 652 1755 676 ⁵

303 716 394 764 τοῖς
424 714 710 754 πολυτελέσιν
742 715 789 755 ἐκ
823 714 1138 764 διαλειμμάτων
1169 714 1553 765 προσερχομένους
1584 715 1715 764 κρεῑτ-
1762 720 1764 722 ’

304 800 380 827 τον
416 786 528 836 ἡμᾶς
566 787 778 836 διατίθησι
819 787 885 826 καὶ
924 788 1032 837 πρὸς
1071 787 1147 836 τὴν
1184 788 1316 837 τύχην
1350 785 1549 837 ἀφόβους
1581 799 1714 836 παρα-

303 858 514 900 σκευάζει.
557 857 693 899 Ὅταν
726 858 803 900 οὖν
836 860 1028 909 λέγωμεν
1059 859 1223 909 ἡδονὴν
1254 859 1381 909 τέλος
1415 858 1632 909 ὑπάρχειν,
1664 858 1715 899 οὐ

303 932 380 981 τὰς
413 933 500 971 τῶν
532 930 719 971 ἀσώτων
750 930 914 981 ἡδονὰς
952 931 1019 971 καὶ
1056 931 1133 981 τὰς
1165 931 1212 972 έν
1245 930 1486 972 ἀπολαύσει
1518 931 1716 980 κειμένας

303 1004 498 1054 λέγομεν,
544 1004 605 1054 ὼς
643 1017 756 1053 τινες
798 1003 1063 1053 ἀγνοοῦντες
1103 1004 1169 1044 καὶ
1210 1005 1288 1053 οὐχ
1325 1004 1648 1054 ὁμολογοῦντες
1689 1004 1713 1053 ἢ
1743 1015 1774 1038 ¹0

303 1078 445 1126 κακῶς
476 1076 752 1126 ἐκδεχόμενοι
779 1076 1040 1126 νομίζουσιν,
1073 1075 1183 1117 ἀλλὰ
1215 1077 1265 1116 τὸ
1295 1076 1396 1126 μήτε
1430 1076 1575 1124 ἀλγεῖν
1607 1076 1715 1116 κατὰ
1845 1127 1846 1138 ¹

303 1151 430 1198 σῶμα
469 1149 572 1199 μήτε
610 1148 897 1198 ταράττεσθαι
935 1150 1043 1190 κατὰ
1076 1149 1236 1199 ψυχήν“
1297 1149 1348 1189 οὐ
1380 1149 1462 1200 γὰρ
1492 1148 1618 1190 πότοι
1649 1148 1717 1189 καὶ
1744 1156 1811 1190 132
1845 1155 1846 1172 ³

303 1223 437 1272 κῶμοι
475 1222 751 1272 συνείροντες
791 1221 881 1262 οὐδ’
917 1221 1160 1272 ἀπόλαυσις
1197 1221 1362 1262 παίδων
1400 1222 1467 1262 καὶ
1500 1223 1716 1270 γυναικῶν

304 1294 395 1334 οὐδ’
429 1293 588 1343 ἰχθύων
626 1295 694 1334 καὶ
730 1295 817 1334 τῶν
856 1292 1013 1339 ἄλλων,
1061 1293 1147 1334 ὅσα
1185 1294 1308 1345 φέρει
1345 1294 1587 1343 πολυτελὴς
1617 1293 1715 1344 τρά-

302 1370 422 1416 πεζα,
468 1367 545 1407 τὸν
583 1366 691 1415 ἡδὺν
729 1369 860 1419 γεννᾷ
900 1366 1003 1416 βίον,
1052 1366 1162 1407 ἀλλὰ
1204 1366 1358 1416 νήφων
1401 1353 1608 1415 λογισμὸς
1649 1367 1716 1406 καὶ
1744 1382 1772 1407 1⁵

303 1440 380 1489 τὰς
412 1438 549 1488 αἰτίας
582 1440 820 1489 ἐξερευνῶν
851 1438 996 1488 πάσης
1028 1437 1240 1489 αἱρέσεως
1272 1439 1338 1479 καὶ
1370 1441 1512 1489 φυγῆς
1544 1439 1610 1479 καὶ
1639 1439 1716 1488 τὰς

303 1512 435 1561 δόξας
468 1511 724 1561 ἐξελαύνων,
757 1512 800 1553 ἐξ
834 1510 894 1552 ὠν
925 1513 1130 1561 πλεῖστος
1161 1513 1237 1561 τὰς
1270 1512 1413 1562 ψυχὰς
1446 1511 1714 1562 καταλαμβά-

303 1598 366 1625 νει
404 1585 604 1635 θόρυβος.
663 1584 841 1625 Τούτων
880 1585 926 1624 δὲ
957 1584 1134 1625 πάντων
1172 1584 1278 1635 ἀρχὴ
1321 1585 1387 1624 καὶ
1425 1586 1474 1625 τὸ
1513 1585 1716 1634 μέγιστον

304 1655 470 1705 ἀγαθὸν
501 1656 728 1707 φρόνησις.
760 1657 826 1697 διὸ
859 1657 926 1696 καὶ
955 1656 1223 1707 φιλοσοφίας
1255 1656 1505 1706 τιμιώτερον
1537 1656 1717 1707 ὑπάρχει

305 1729 533 1780 φρόνησις,
581 1729 625 1771 ἐξ
657 1728 707 1779 ἧς
739 1728 780 1770 αἱ
813 1729 955 1769 λοιπαὶ
993 1731 1130 1769 πᾶσαι
1168 1729 1414 1780 πεφύκασιν
1451 1728 1611 1781 ἀρεταί7
1658 1732 1715 1771 δι·
1739 1749 1772 1773 20

305 1802 536 1844 δάσκουσα
572 1801 634 1852 ὡς
669 1801 748 1843 οὐκ
787 1801 905 1842 ἔστιν
941 1801 1083 1852 ἡδέως
1122 1804 1197 1851 ζῆν
1236 1801 1340 1843 ἄνευ
1378 1804 1455 1843 τοῦ
1493 1802 1716 1853 φρονίμως

304 1875 373 1916 καὶ
414 1877 558 1924 καλῶς
595 1875 663 1915 καὶ
706 1874 880 1924 δικαίως
920 1874 1051 1921 (οὐδὲ
1091 1875 1315 1926 φρονίμως
1357 1874 1423 1915 καὶ
1465 1876 1610 1925 καλῶς
1649 1874 1717 1915 καὶ

304 1946 507 1999 δικαίως>
548 1947 652 1989 ἄνευ
690 1950 767 1988 τοῦ
805 1947 958 1998 ἡδέως.
1023 1947 1332 1998 συμπεφύκασι
1370 1948 1451 1997 γὰρ
1490 1946 1532 1988 αἱ
1569 1946 1718 1998 ἀρεταὶ

304 2023 365 2074 τῷ
389 2023 463 2070 ζῆν
485 2020 638 2071 ἡδέως,
673 2020 742 2061 καὶ
763 2021 812 2061 τὸ
837 2023 912 2069 ζῆν
942 2020 1084 2070 ἡδέως
1115 2019 1284 2061 τούτων
1311 2019 1429 2061 ἐστὶν
1459 2018 1714 2071 ἀχώριστον.

426 2177 445 2207 2
473 2176 602 2209 ἐνδέον
630 2176 658 2207 F
681 2175 685 2217 Ι
709 2174 838 2220 savz-[dt]
864 2176 899 2206 H
935 2174 949 2217 Η
984 2176 1004 2208 3
1031 2176 1070 2209 ἑν
1098 2186 1155 2207 om
1183 2175 1212 2206 F
1233 2176 1238 2217 ἶ
1262 2176 1322 2208 καὶ
1349 2174 1409 2218 οὐ]
1437 2175 1496 2208 καὶ
1523 2176 1552 2206 F
1576 2175 1580 2217 Ι
1602 2175 1715 2209 πολυ-

303 2236 427 2274 τελαῑς
455 2235 499 2267 F:
537 2235 621 2266 latet
652 2234 905 2274 πολυτελείαις
947 2234 961 2275 Η
1005 2236 1023 2266 4
1051 2233 1178 2275 ὑγείας
1204 2235 1233 2265 F
1273 2232 1289 2278 [1
1331 2234 1351 2266 6
1377 2234 1644 2275 διαλημμάτων
1670 2233 1715 2265 Ρι

304 2293 580 2336 διειλημμάτων
603 2295 628 2324 Β
652 2294 657 2335 1
680 2293 997 2336 προσερχομένοις
1024 2293 1180 2334 FHPQS
1203 2294 1208 2336 ι
1232 2292 1412 2334 κρείττων
1430 2293 1483 2324 ΗΙ
1517 2292 1531 2336 ΙΙ
1564 2291 1586 2326 8
1612 2293 1716 2333 λέγο-

304 2363 371 2391 μεν
399 2353 428 2384 F
466 2354 470 2391 ἶ
510 2352 690 2394 ὑπάρχειν
718 2350 778 2395 οὐ]
808 2353 901 2385 εἶναι
929 2352 988 2385 καὶ
1020 2352 1050 2382 F
1105 2349 1121 2396 Η
1179 2352 1200 2384 9
1228 2353 1286 2384 καὶ
1313 2351 1379 2392 τὰς
1405 2352 1563 2383 Rossius
1590 2362 1713 2383 comm.

304 2411 420 2444 Laert.
439 2421 472 2452 p.
489 2410 577 2443 308:
598 2411 658 2444 καὶ
678 2410 744 2451 τὰς
762 2413 853 2444 τῶν
872 2411 954 2442 libri
988 2410 1003 2452 ΙΙ
1038 2411 1074 2443 11
1098 2410 1222 2451 (ἶλγειν
1243 2411 1258 2441 s
1282 2409 1438 2453 [ἀλ]γεί’ν
1458 2411 1486 2441 F
1516 2410 1531 2453 ss
1564 2411 1605 2443 13
1624 2409 1715 2443 ἀπο-

304 2470 454 2510 λαύσεις
479 2470 562 2501 libri
610 2470 623 2512 Η
679 2471 720 2502 1-1
747 2468 990 2513 πολυτελίὴμ
1016 2470 1044 2500 F
1087 2468 1102 2512 ΙΙ
1156 2470 1196 2501 15
1226 2469 1294 2502 τὸν
1321 2468 1428 2511 ήδιον
1456 2467 1512 2502 1⁴².
1541 2469 1622 2501 sort.
1649 2469 1716 2502 τὸν

304 2527 399 2569 ἡδίω
439 2527 455 2571 Η
500 2529 540 2561 17
569 2530 605 2562 ἐξ
631 2528 685 2562 ὧν
714 2529 760 2561 Β;
788 2540 845 2560 om
873 2529 1017 2570 FHPQ.
1052 2530 1144 2560 unde
1172 2527 1237 2570 ἀφ’
1265 2529 1310 2562 οὺ
1339 2529 1355 2560 s
1377 2528 1442 2571 ἀφ’
1469 2529 1524 2562 ὧν
1551 2540 1566 2560 s
1589 2531 1594 2568 Ι
1617 2530 1716 2562 πλεῖ-

305 2595 394 2627 στας
423 2588 457 2618 H
507 2586 521 2629 Η
575 2588 617 2619 19
643 2587 850 2630 φιλοσοφία
878 2587 954 2619 BP¹
991 2589 996 2628 Ι
1036 2587 1192 2630 ὑπάρχει
1223 2597 1279 2620 om
1309 2587 1338 2618 F
1359 2628 1361 2631 .
1385 2585 1399 2630 ΙΙ
1453 2587 1498 2620 20
1525 2587 1608 2629 ἑξῆς
1634 2586 1678 2618 Ρι
1713 2585 1718 2629 Ι

304 2647 421 2679 πᾶσαι
446 2657 501 2677 om
521 2647 550 2677 F
571 2645 577 2690 1
601 2646 844 2680 διδάσκουσαι
869 2647 964 2685 libri,
993 2644 1268 2690 διδάσκουσ[αι]
1288 2647 1323 2677 H
1353 2633 1602 2687 διδασκούσης
1621 2646 1716 2676 Ros-

305 2705 377 2736 sius
411 2702 428 2749 Η
462 2704 506 2736 22
537 2705 625 2738 οὐδὲ
651 2732 658 2738 .
676 2732 682 2738 .
700 2732 730 2738 ..
757 2705 801 2738 23
822 2704 972 2746 δικαίως
999 2706 1180 2748 suppleuit
1199 2704 1399 2747 Stephanus
1427 2705 1462 2736 in
1482 2704 1714 2737 Ciceroniano

304 2763 419 2797 lexico
446 2764 640 2804 graecolat.
669 2765 758 2797 1557
785 2775 819 2808 p.
840 2764 886 2797 52
928 2765 943 2807 ΙΙ
984 2763 1028 2796 24
1057 2762 1128 2808 τῷ]
1155 2763 1199 2797 τὸ
1226 2765 1271 2795 13¹
1299 2766 1367 2797 τοῦ
1395 2765 1422 2795 F
1446 2763 1451 2806 Ι
1474 2764 1575 2797 ἔστιν
1601 2763 1618 2796 s
