1842 3250
91 947 124 972 1ss

92 1272 123 1298 15

51 1534 120 1568 337

90 1936 124 1961 25

53 2201 122 2235 338

91 2274 124 2300 so

626 245 834 277 EPICVRI
860 246 1078 278 PHYSICA
1491 244 1537 277 22
1543 244 1564 277 7

144 357 390 393 LACTANTIVS
420 358 531 392 diuin.
549 354 670 391 instit.
697 366 741 391 111
770 359 824 394 17.
851 358 896 392 33
946 358 1050 402 ‘quid
1077 360 1175 402 quod
1198 363 1313 391 totum
1340 358 1433 390 illud
1462 368 1562 399 argu-

144 430 300 457 mentum
327 423 457 456 falsum
487 428 552 463 est,
578 423 662 467 quia
688 434 761 456 non
786 424 966 457 intereunt
991 424 1138 457 animae.
1167 424 1296 462 Vero,
1323 423 1439 466 inquit
1463 423 1564 466 (Epi-

145 488 277 531 curus).
328 498 419 520 nam
445 488 561 531 quod
588 498 677 520 cum
704 499 890 531 corpore
916 488 1132 527 nascitur,
1164 498 1257 520 cum
1284 497 1472 531 corpore
1498 487 1566 519 in-

145 558 286 586 tereat
311 562 496 585 necesse
522 551 626 584 est’.-
659 552 702 585 cf.
720 559 778 584 vn
799 552 852 590 12,
871 553 887 585 1
908 551 1020 584 ‘nunc
1038 557 1243 593 argumenta
1261 562 1383 584 eorum
1402 551 1464 594 qui
1482 561 1565 583 con·

146 623 199 651 tra
225 617 406 650 disserunt
435 615 652 654 refellamus,
692 626 783 658 quae
811 617 999 648 Lucretius
1031 617 1134 648 tertio
1161 616 1256 649 libro
1284 622 1472 649 exsecutus
1500 622 1565 649 est.

145 682 350 725 “Quoniam
378 691 456 713 cum
483 691 632 723 corpore
642 679 662 691 ‘'
688 680 804 723 inquit
829 679 975 713 “anima
1001 681 1167 719 nascitur,
1196 691 1274 712 cum
1301 691 1450 723 corpore
1477 681 1566 712 inte·

145 752 220 782 reat
246 755 393 780 necesse
421 744 532 778 est’''.
586 752 642 778 VH
670 745 725 784 13,
748 747 769 778 7
803 745 912 777 ‘falsa
941 752 994 778 est
1022 757 1104 787 ergo
1132 745 1332 777 Democriti
1360 750 1394 777 et
1418 745 1566 788 Epicuri

146 815 181 843 et
205 810 416 843 Dicaearchi
443 811 494 842 de
521 811 687 842 animae
712 810 1020 842 dissolutione
1048 809 1251 843 sententia’.
1297 810 1385 843 ibid.
1405 818 1458 842 VII
1478 810 1510 848 8,
1533 810 1564 843 S.

146 875 360 907 AVGVSTINI
387 885 478 918 quae
502 874 612 906 fertur
638 875 812 906 enarratio
832 874 961 917 psalmi
980 875 1037 912 73,
1058 875 1103 908 25
1130 880 1153 909 t.
1174 882 1216 907 IV
1241 886 1274 918 p.
1295 875 1382 907 7810
1403 875 1458 906 ed.
1474 875 1564 907 Ven.

150 939 240 972 1719
274 938 326 971 ‘et
352 939 443 971 sorte
469 939 529 981 qui
557 939 643 970 dicit
674 938 781 970 “cum
808 944 967 971 mortuus
995 939 1109 977 fuero,
1135 944 1262 982 postea
1288 938 1379 970 nihil
1405 938 1504 975 ero*’‚
1533 944 1567 970 et

145 1003 282 1036 litteras
309 1003 437 1035 didicit
464 1008 499 1035 et
525 1003 569 1035 ab
595 1004 752 1046 Epicuro
782 1004 908 1035 didicit
933 1003 1015 1042 hoc,
1054 1005 1176 1036 nescio
1206 1014 1277 1046 quo
1306 1003 1421 1034 deliro
1449 1002 1566 1045 philo-

146 1068 261 1111 sopho
289 1068 348 1099 uel
373 1069 492 1110 potius
521 1073 676 1100 amatore
704 1068 882 1105 uanitatis,
911 1079 980 1100 non
1002 1068 1218 1111 sapientiae:
1247 1078 1352 1110 quem
1371 1068 1440 1110 ipsi
1461 1067 1566 1099 etiam

145 1132 357 1176 philosophi
383 1143 532 1176 porcum
557 1133 851 1171 nominauerunt5
879 1134 940 1178 qui
959 1133 1181 1177 uoluptatem
1207 1131 1367 1175 corpon's
1393 1141 1565 1162 summum

146 1198 278 1230 bonum
306 1197 408 1235 dixit,
444 1196 538 1229 hunc
566 1197 820 1239 philosophum
857 1208 1003 1240 porcum
1037 1197 1311 1229 nominauerunt
1342 1179 1565 1227 uolutantem

147 1272 186 1293 se
212 1262 247 1293 in
273 1272 383 1293 caeno
411 1261 554 1294 carnali,
582 1262 626 1293 ab
654 1261 719 1292 illo
749 1262 840 1294 forte
869 1262 994 1294 didicit
1020 1262 1088 1294 iste
1115 1263 1294 1295 litteratus
1314 1261 1450 1293 dicere:
1480 1260 1565 1292 Non

147 1335 208 1356 erc»
235 1329 361 1367 postea
388 1335 492 1367 quam
519 1330 678 1356 mortuus
710 1324 841 1356 suero'.

147 1389 241 1421 idem
269 1399 420 1422 sermon.
449 1396 645 1422 CCCXLVIII
674 1394 697 1422 t.
717 1398 743 1422 V
770 1401 805 1433 p.
829 1391 937 1423 1344·
977 1389 1033 1421 ‘et
1060 1395 1271 1432 consumpta
1298 1391 1367 1422 ista
1392 1391 1466 1422 uita
1491 1390 1566 1422 nul-

145 1452 216 1485 lam
244 1458 369 1496 postea
396 1453 545 1485 credunt
571 1453 754 1487 futuram’.

266 1535 413 1568 Snxrvs
441 1546 531 1579 emp.
562 1536 642 1569 adu.
670 1536 826 1577 dogmat.
856 1544 895 1568 111
924 1534 1046 1580 (math.
1076 1535 1134 1580 lx)
1161 1536 1206 1569 72
1241 1533 1296 1579 (αἱ
1321 1535 1454 1578 ψυχαὶ)
1483 1535 1564 1569 καθ’

90 1611 105 1635 ‘2
147 1600 263 1642 αὑτὰς
296 1600 513 1642 διαμένουσι
548 1601 608 1634 καὶ
642 1601 721 1643 οὐχ,
763 1601 814 1642 ὡς
848 1602 975 1641 ἔλεγεν
1003 1601 1023 1634 ὁ
1050 1600 1278 1644 Ἐπίκουρος,
1321 1600 1565 1634 ἀπολυθεῖσαι

146 1667 224 1699 τῶν
251 1665 440 1708 σωμάτων
468 1669 644 1700 καπνοῦ
671 1665 779 1709 δίκην
809 1665 1036 1700 σκίδνανται.

147 1731 190 1764 cf.
217 1731 438 1767 Iambliehus,
464 1732 516 1764 Io.
543 1732 690 1764 Stobaei
718 1732 784 1764 ecl.
812 1732 914 1774 phys.
942 1732 999 1770 41,
1019 1732 1064 1764 43
1094 1742 1126 1773 p.
1147 1730 1217 1763 924
1235 1731 1282 1763 H.
1325 1729 1357 1764 εἰ
1384 1730 1424 1763 δὲ
1451 1729 1564 1772 παρέ-

147 1803 310 1840 σπαρται
343 1795 410 1837 μὲν
443 1797 504 1829 καὶ
536 1796 681 1829 ἔνεστιν
714 1796 736 1837 ἡ
764 1796 870 1838 ψυχὴ
897 1798 952 1839 τῷ
980 1795 1125 1836 σώματι
1159 1794 1256 1828 καθά
1289 1802 1360 1837 περ
1394 1794 1433 1828 ἑν
1460 1794 1564 1837 ἀσκῷ

147 1869 178 1892 π’
200 1862 293 1901 εῡμα
319 1860 579 1904 περιεχομένη,
621 1861 643 1902 ἢ
674 1860 958 1902 συμμιγνυμὲνη
986 1859 1081 1903 πρὸς
1108 1859 1201 1893 αὐτὸ
1228 1859 1289 1892 καὶ
1316 1858 1564 1901 ἐγκινουμὲνη

147 1923 270 1967 ὥςπερ
295 1923 343 1958 τὰ
363 1925 403 1959 ἐν
426 1928 481 1969 τῷ
509 1924 589 1969 ἀέρι
617 1925 786 1967 ξύσματα
814 1925 873 1959 διὰ
899 1927 978 1958 τῶν
1006 1922 1170 1967 Θυρίδων
1197 1923 1420 1966 φαινόμενα,
1450 1922 1565 1964 δῆλόν

146 1998 221 2022 που
249 1991 367 2023 τοῦτο
400 1989 457 2023 ὅτι
491 1990 600 2024 ἔξεισι
633 1991 702 2032 μὲν
736 1989 908 2042 ἀπὸχτοῡ
936 1990 1123 2031 σώματος,
1165 1989 1205 2022 ἐν
1233 1989 1273 2022 δὲ
1300 1991 1354 2032 τῷ
1382 1986 1565 2030 ἐκβαίνειν

147 2053 382 2096 διαφορεῖται
408 2055 469 2088 καὶ
495 2054 819 2096 διασκεδάννυται,
848 2055 972 2097 ὥςπερ
1000 2053 1242 2096 Δημόκριτος
1269 2053 1328 2086 καὶ
1347 2051 1566 2094 Ἐπίκουρος

147 2116 436 2160 ἀποφαίνονται.

268 2198 411 2234 CICERO
440 2201 486 2233 de
512 2200 644 2233 finibus
672 2208 697 2233 11
727 2201 783 2238 31,
814 2201 881 2233 100
935 2200 1097 2242 ‘scripsit
1125 2200 1218 2231 enim
1246 2204 1280 2230 et
1310 2198 1431 2230 multis
1460 2208 1566 2240 saepe

147 2263 267 2295 uerbis
294 2268 329 2295 et
355 2265 514 2296 breuiter
540 2270 733 2308 aperteque
758 2264 793 2295 in
822 2274 865 2295 eo
892 2263 986 2295 libro
1006 2273 1110 2306 quem
1129 2263 1237 2294 modo
1257 2262 1451 2302 nominaui,
1476 2271 1566 2293 mor-

147 2333 218 2360 tem
243 2329 334 2361 nihil
360 2330 404 2362 ad
429 2340 496 2361 nos
521 2328 716 2372 pertinere’
744 2334 824 2362 cett.

146 2488 215 2521 417
232 2494 322 2531 sqq„
356 2488 457 2520 caius
484 2489 761 2531 disputationem
788 2488 994 2519 Lactantius
1020 2488 1128 2518 refert
1155 2486 1356 2528 refutatque
1384 2485 1456 2517 diu.
1484 2484 1566 2517 inst.

148 2553 204 2578 vn
226 2545 268 2578 12
314 2548 319 2588 Ι
368 2548 384 2579 1
414 2544 524 2590 illud]
544 2547 588 2579 cf.
608 2547 631 2579 l.
652 2557 678 2580 S.
698 2544 776 2590 §30
798 2546 821 2578 i.
841 2556 871 2579 e.
898 2547 964 2588 Ep.
992 2556 1047 2588 cp.
1068 2553 1113 2578 Π]
1135 2545 1201 2577 125
1229 2555 1262 2586 p.
1278 2543 1334 2581 61,
1351 2543 1372 2576 6
1419 2541 1424 2587 Ι
1471 2542 1493 2575 6
1520 2541 1565 2574 cf.

145 2600 251 2637 Ϊαιῐιὲῐ.Ι
267 2612 314 2637 111
333 2605 497 2648 746‘sqq.
525 2606 596 2638 uid.
617 2605 763 2638 Seruius
790 2605 825 2637 in
844 2606 951 2646 Verg.
978 2605 1072 2637 Aen.
1093 2612 1135 2636 lv
1154 2604 1201 2637 34
1227 2610 1255 2635 V
1273 2603 1317 2636 81
1346 2610 1403 2635 Vll
1423 2603 1443 2634 4
1473 2611 1566 2632 com-

147 2667 265 2695 menta
289 2663 427 2696 Lucani
453 2672 496 2696 lx
524 2665 536 2697 l
569 2675 602 2707 p.
622 2664 702 2703 289,
723 2664 744 2697 3
770 2671 811 2696 IX
841 2663 910 2697 568
936 2675 969 2706 p.
990 2664 1070 2701 304,
1090 2663 1110 2696 9
1131 2667 1212 2695 cett.
1255 2662 1270 2705 ΙΙ
1315 2662 1358 2694 21
1389 2662 1432 2693 cs.
1461 2661 1565 2692 Lucr.

148 2728 194 2754 111
219 2721 289 2755 436
309 2733 386 2766 sqq.
412 2723 493 2756 456.
533 2723 663 2756 similia
696 2724 846 2755 contulit
869 2721 1172 2765 Wyttenbachius
1210 2722 1254 2752 ad
1280 2720 1375 2753 Plut.
1407 2719 1452 2751 de
1489 2729 1567 2750 sera

149 2781 301 2813 numinis
329 2781 486 2814 uindicta
511 2792 545 2824 p.
565 2781 611 2815 80
651 2781 667 2826 11
708 2783 755 2815 30
779 2782 881 2824 Epic.
909 2785 1046 2814 sent.11
1076 2780 1081 2823 Ι
1113 2780 1156 2813 cs.
1185 2779 1399 2810 Plutarchus
1427 2777 1564 2809 consol.

1499 2850 1555 2878 15*
