1842 3250
201 2112 248 2144 74

275 180 340 214 124
715 180 922 212 EPICVRI
946 179 1243 214 ΤΙΜΟΚΡΑΤΗΣ

273 297 369 331 καθὰ
401 298 462 330 καὶ
494 295 711 339 Ἐπίκουρος
743 297 782 330 ἑν
815 296 1120 339 προηγουμέναις
1148 300 1312 339 γραφαῖς
1344 301 1524 340 μαρτυρεῖ
1555 299 1616 332 καὶ
1650 299 1690 333 ἐν

271 365 326 405 τῷ
353 360 470 405 τρίτῳ
495 361 763 403 Τιμοκράτους.

691 460 836 491 XLVII
880 459 983 493 ΠΕΡΙ
1013 459 1274 493 ΦΑΝΤΑΣΙΑΣ

711 542 826 572 Laert.
847 548 874 571 X
893 540 939 573 28
960 551 1066 584 supra
1083 553 1118 584 p.
1135 540 1194 578 86,
1212 541 1255 574 18

676 633 840 666 vam
882 633 985 668 ΠΕΡι
1013 633 1198 668 <mimz
1220 624 1285 668 ΓΖ

710 717 827 748 Laert.
847 724 874 748 Χ
895 717 939 750 27
961 727 1067 759 supra
1085 728 1116 758 p.
1133 716 1190 753 813,
1210 716 1252 749 13

369 795 567 829 meffvs
596 795 704 829 DJOG.
731 804 758 827 x
785 797 831 830 30
863 797 908 830 τὸ
936 797 975 831 δὲ
1004 797 1166 838 φυσικὸν
1195 796 1301 839 (ἔχει)
1328 796 1399 837 τὴν
1425 797 1510 838 περὶ
1536 797 1690 838 φύσεως

272 860 434 903 θεωρίαν
458 863 584 894 πᾶσαν
613 862 672 894 καὶ
699 861 800 894 ἐστιν
830 861 868 894 ἐν
895 864 976 901 ταῖς
994 860 1088 902 Περὶ
1114 861 1268 903 φύσεως
1296 861 1431 903 βίβλοις
1456 849 1499 896 X}
1523 863 1584 895 καὶ
1609 864 1691 902 ταῖς

273 925 487 965 ἐπιστολαῖς
520 926 616 959 κατὰ
650 929 848 967 στοιχεῖον.
901 927 989 958 ibid.
1018 927 1036 958 7
1075 926 1114 959 ἐν
1146 929 1228 967 ταῖς
1262 926 1357 960 ἑπτὰ
1395 928 1454 960 καὶ
1486 926 1691 968 τριάκοντα

273 989 408 1031 βίβλοις
434 993 515 1030 ταῖς
540 988 634 1033 Περὶ
661 991 815 1032 φύσεως
842 989 896 1034 [fr.
918 989 992 1034 93].

392 1053 591 1088 EPICVRVS
619 1066 674 1098 ep.
694 1063 706 1087 1
726 1056 771 1088 35
803 1058 882 1096 τοῖς
909 1056 958 1096 μὴ
986 1055 1209 1095 δυναμένοις
1234 1056 1375 1090 ἕκαστα
1401 1058 1479 1089 τῶν
1508 1057 1593 1099 περὶ
1619 1058 1690 1099 φύ-

272 1128 369 1159 σεως
396 1119 741 1162 ἀναγεγραμμένων
767 1121 854 1162 ἡμῖν
881 1120 1100 1163 ἐξακριβοῦν
1127 1121 1221 1163 μηδὲ
1247 1121 1314 1162 τὰς
1341 1121 1488 1162 μείζους
1505 1123 1585 1155 τῶν
1604 1130 1690 1155 συν·

271 1184 513 1226 τεταγμένων
542 1185 701 1226 βύβλους
728 1184 893 1227 διαθρεῖν
920 1203 976 1218 -——.
1006 1196 1050 1217 en
1083 1192 1114 1217 11
1140 1184 1186 1218 84
1213 1185 1259 1218 τὰ
1286 1186 1358 1228 γὰρ
1385 1186 1425 1219 ἑν
1453 1187 1577 1227 ἄλλοις
1603 1187 1690 1228 ἡμῖν

273 1249 373 1292 (περὶ
391 1251 470 1282 τῶν
490 1249 709 1292 μετεώρων)
736 1250 977 1292 γεγραμμένα
997 1250 1310 1292 δυσμνημόνευτα
1330 1251 1436 1292 εἶναι,
1464 1249 1524 1284 καί
1543 1262 1613 1289 τοι,
1641 1252 1692 1291 ὡς

273 1314 378 1355 ἔφης,
407 1315 575 1355 συνεχῶς
610 1313 707 1347 αὐτὰ
735 1313 970 1356 βαστάζοντι.
1024 1314 1064 1346 91
1103 1314 1122 1347 ὅ
1149 1324 1219 1357 περ
1248 1314 1287 1348 ἑν
1314 1318 1392 1355 τοῖς
1418 1314 1513 1357 Περὶ
1538 1315 1692 1357 φύσεως
1732 1322 1747 1347 5

273 1377 434 1419 βυβλίοις
461 1377 667 1419 δείκνυμεν.

392 1442 593 1475 ARRIANVS
620 1443 773 1484 Epictet.
802 1442 940 1474 dissert.
969 1449 998 1474 Π
1024 1441 1080 1478 23,
1100 1442 1143 1476 21
1173 1454 1279 1486 supra
1305 1455 1339 1486 p.
1359 1444 1437 1482 105,
1457 1445 1489 1477 5.

392 1508 592 1542 ALCIPHRO
621 1509 723 1550 epist.
750 1515 779 1540 11
806 1510 839 1547 2,
860 1509 881 1540 2
909 1520 1014 1551 supra
1040 1521 1074 1552 p.
1094 1509 1152 1542 70.

393 1571 576 1607 GALENVS
602 1575 638 1605 in
659 1575 831 1617 Hippocr.
851 1575 896 1606 de
915 1580 986 1607 nat.
1005 1574 1101 1607 hom.
1130 1575 1153 1607 1.
1174 1583 1186 1606 Ι
1214 1579 1401 1607 comment.
1429 1579 1449 1606 t.
1470 1582 1526 1606 xv
1552 1585 1586 1616 p.
1604 1574 1624 1606 5
1639 1575 1690 1606 K.

271 1639 370 1679 τινες
397 1637 428 1671 δ”
449 1638 519 1680 οὐχ
546 1638 586 1672 ἓν
614 1638 706 1672 ἀλλὰ
733 1638 890 1672 πλείονα
917 1638 1035 1681 βιβλία
1060 1641 1128 1681 τῆς
1157 1638 1316 1682 θεωρίας
1342 1637 1573 1680 ἐποιήσαντο
1600 1638 1687 1672 ταύ-
1713 1644 1729 1668 2

271 1714 339 1745 της
367 1703 450 1746 (τῆς
475 1704 560 1746 περὶ
587 1704 768 1746 φύσεως),
806 1704 899 1737 ἔνιοι
926 1703 966 1737 δὲ
994 1705 1053 1737 καὶ
1080 1703 1180 1737 πάνυ
1207 1703 1339 1745 πολλὰ,
1374 1703 1469 1736 καθά
1498 1714 1568 1746 περ
1595 1701 1689 1736 Ἐπί-

274 1778 425 1811 κουρος·
470 1769 623 1811 ἄρχεται
655 1769 726 1811 γὰρ
755 1769 814 1802 καί
841 1769 965 1809 αὐτὸς,
1003 1768 1134 1812 ὥσπερ
1161 1768 1229 1802 οὖν
1256 1769 1316 1801 καὶ
1344 1768 1379 1801 οί
1406 1769 1510 1801 ἄλλοι
1539 1766 1690 1808 πάντες,

272 1833 347 1867 ἀπὸ
383 1836 452 1867 τοῦ
488 1835 648 1875 Ζητῆσαι
682 1834 846 1876 πότερον
873 1834 914 1867 ἓν
941 1844 976 1866 τι
1002 1833 1063 1867 καὶ
1090 1833 1236 1867 ἁπλοῦν
1273 1833 1375 1866 ἐστιν
1407 1833 1452 1866 οὗ
1479 1832 1549 1874 τὴν
1574 1832 1690 1873 φύσιν

273 1900 394 1941 εὑρεῖν
415 1899 686 1941 ἐπιχειροῦμεν,
714 1899 736 1940 ἦ
757 1899 942 1933 σύνθετον
962 1900 1002 1933 ἐκ
1021 1910 1135 1933 τινων
1156 1901 1293 1933 ἑαυτοῦ
1320 1898 1519 1940 προτέρων
1548 1897 1689 1939 ἁπλῶν,

273 1964 295 1997 ἂ
314 1974 384 2006 περ
403 1962 438 1996 οἱ
457 1964 536 2005 μετ’
555 1963 695 2004 αὐτοὺς
720 1963 811 2004 τοὺς
836 1964 1018 2004 παλαιοὺς
1044 1963 1262 2005 εἰθίσθησαν
1290 1963 1488 2004 ὀνομάζειν
1513 1964 1689 2004 στοιχεῖα.

968 2047 995 2080 Α

394 2110 655 2145 PLVTABCHVS
683 2112 762 2144 adu.
783 2111 937 2143 Coloten
967 2111 1007 2145 13
1031 2123 1062 2153 p.
1084 2111 1193 2144 1114*
1220 2110 1261 2144 ἐν
1289 2110 1383 2154 ἀρχῇ
1413 2111 1453 2145 δὲ
1479 2112 1547 2153 τῆς
1573 2121 1690 2154 πραγ-

273 2175 426 2218 ματείας
454 2175 624 2209 ὑπειπὼν
656 2176 739 2218 τὴν
771 2178 862 2209 τῶν
895 2175 1042 2209 ὄντων
1069 2175 1210 2217 φύσιν
1242 2175 1429 2217 σώματα
1466 2176 1585 2209 εἶναι
1619 2177 1692 2209 καὶ

399 2292 412 2324 1
442 2292 580 2335 γράφει
605 2293 700 2326 libr-i.
728 2294 770 2324 cf.
791 2293 833 2326 fr.
847 2293 915 2326 241
941 2290 946 2337 Ι
970 2291 1045 2336 καὶ]
1073 2292 1113 2326 δὲ
1140 2292 1199 2325 καὶ
1228 2303 1244 2323 s
1281 2292 1285 2334 Ι
1320 2292 1341 2324 2
1371 2291 1597 2334 τιμοκράτης
1614 2292 1696 2323 BFf

272 2351 488 2395 τιμοκράτει
516 2353 563 2384 H.
606 2352 855 2384 Metrodorum
883 2363 944 2384 cur
970 2352 1187 2383 laudandum
1216 2352 1285 2383 sibi
1313 2362 1391 2383 esse
1418 2351 1488 2382 hoc
1514 2351 1596 2382 loco
1621 2352 1689 2394 Ep.

272 2411 495 2448 indicauerit,
513 2411 706 2452 intelleges
726 2411 819 2442 conl.
837 2411 1052 2442 Philodemo
1072 2411 1184 2443 schol.
1202 2411 1332 2442 Zenon.
1351 2410 1439 2441 VH1
1454 2419 1493 2443 V.
1512 2410 1523 2441 1
1549 2410 1617 2443 col.
1634 2417 1689 2442 XX

273 2470 324 2510 ὡς
341 2468 578 2512 Τιμοκράτης
605 2470 664 2503 καὶ
691 2471 813 2511 φιλεῖν
840 2470 914 2512 ἔφη
942 2467 1026 2512 τὸ[ν
1053 2468 1237 2513 ἀδ]ελφὸν
1258 2469 1309 2509 ὡς
1332 2469 1456 2509 οὐδεὶς
1484 2469 1544 2502 καὶ
1570 2472 1690 2511 μισεῖν

273 2527 357 2573 abst]
385 2527 518 2569 οὐδείς,
556 2529 630 2560 uid.
657 2529 824 2570 Duening
850 2529 895 2560 de
923 2528 1078 2561 Metrod.
1104 2539 1136 2571 p.
1159 2528 1204 2560 22
1220 2539 1296 2570 sqq.
1355 2526 1370 2570 ΕΙ
1428 2528 1449 2560 9
1476 2529 1555 2560 fort.
1582 2538 1689 2562 κατε-

274 2588 566 2629 στοιχειωμένον
619 2585 636 2631 Η
692 2587 737 2619 28
765 2588 807 2620 cf.
838 2587 933 2619 Plut.
962 2587 1008 2619 ib.
1040 2587 1082 2620 16
1108 2598 1142 2629 p.
1166 2585 1274 2619 1116ᾱ
1302 2586 1526 2628 σοφώτερος
1553 2586 1593 2620 δὲ
1618 2589 1688 2620 τοῦ

272 2645 482 2687 Πλάτωνος
507 2648 527 2680 ὁ
555 2645 781 2689 Ἐπίκουρος.
821 2647 843 2690 ᾖ
875 2647 999 2680 πάντα
1026 2645 1166 2688 ὁμοίως
1192 2647 1302 2680 ὄντα
1331 2646 1618 2690 προσαγορεύει,
1644 2646 1690 2680 τὸ

273 2705 416 2747 ἀναφὲς
442 2706 552 2739 κενόν
579 2706 623 2738 τὸ
651 2705 867 2748 ἀντερεῖδον
895 2707 1016 2748 σῶμα,
1042 2705 1110 2746 τὰς
1137 2704 1253 2748 ἀρχάς
1277 2705 1325 2739 τὰ
1352 2703 1586 2748 συγκρίματα

1717 997 1748 1020 10

1714 1967 1748 1993 85
