1842 3250
199 867 270 901 492

199 1160 270 1194 493

201 1586 270 1620 494

294 207 364 241 308
784 209 992 241 EPICVRI
1025 209 1214 241 ETHICA

295 321 467 353 Horatius
494 332 598 355 carm.
626 330 652 354 Π
683 323 736 361 16,
758 322 801 356 17
828 321 931 366 ‘quid
957 322 1060 355 breui
1089 323 1200 356 fortes
1225 323 1421 356 iaculamur
1447 333 1536 356 aeuo
1561 323 1707 356 multa?’

296 393 305 418 ι
333 385 366 424 4,
387 385 430 419 15
457 385 569 418 ‘uitae
597 397 732 418 summa
758 387 878 419 breuis
907 398 1005 430 spem
1031 398 1098 420 nos
1124 392 1223 420 uetat
1249 386 1419 420 incohare
1446 388 1619 430 longam’.

292 447 534 483 Lim-amns
561 451 673 484 diuin.
699 451 808 484 instit.
835 459 880 484 111
908 451 964 494 17,
981 451 1028 485 38
1054 452 1224 495 carpendi
1240 452 1388 495 Epicuri
1415 462 1540 485 caussa
1565 452 1708 495 ‘uolup-

293 514 426 546 tatibus
453 515 560 555 igitur
586 526 732 558 quoquo
759 516 867 548 modo
895 527 1084 559 possumus
1116 518 1324 550 semiamus.
1377 518 1479 549 breui
1506 517 1599 549 enim
1625 523 1709 549 tem·

293 590 380 622 pore
407 579 498 611 nulli
523 580 653 612 crium<
682 581 838 614 omnino.
866 591 950 622 ergo
980 581 1119 613 nullum
1146 582 1251 619 diem,
1277 581 1416 614 nullum
1443 581 1600 625 deniqne
1625 587 1710 614 tem·
1733 591 1748 616 5

293 643 392 685 poris
423 650 592 686 punctum
627 644 736 677 fluere
768 644 872 677 nobis
905 645 981 677 sine
1015 645 1201 688 uoluptate
1234 646 1421 688 patiamur,
1460 656 1503 678 ne
1532 646 1615 689 quia
1640 645 1710 689 ipsi

295 707 512 751 quandoque
539 709 687 751 perituri
714 718 847 748 sumus,
874 710 913 742 id
937 710 1054 753 ipsum
1079 711 1175 754 quod
1203 711 1356 743 uiuimus
1381 716 1512 754 pereat.
1552 710 1622 742 hoc
1646 709 1710 742 ille

296 772 434 805 etiamsi
461 784 531 805 non
559 773 645 805 dicit
670 774 794 812 uerbo,
821 784 859 806 re
887 780 1003 807 tamen
1031 775 1109 818 ipsa
1138 775 1270 809 doces.

415 864 605 899 Scmv'i'oa
630 874 816 900 mcmnrvs
845 868 934 900 VH2
959 875 986 900 x
1006 868 1052 901 7-1
1078 869 1146 901 col.
1166 876 1205 901 vi
1236 883 1249 896 ι
1277 883 1289 897 ·
1320 867 1589 913 ἀνθρώέ]πιυ[ν
1618 868 1710 903 ἀπο-

293 928 569 973 θν]ῃσκόντων,
596 929 720 971 οὐδείς
746 929 865 975 ἑσῖτιν
886 931 928 972 ὃς
953 930 1161 977 δ]ύνατα[ι]
1179 935 1315 975 φυγεῖν
1342 933 1529 967 θάνατον·
1557 933 1710 975 καὶμὴν
1740 944 1770 968 ιο

294 994 467 1036 ἑκάστου7
509 995 607 1029 καθά
632 1006 703 1039 περ
733 996 851 1039 φησὶν
877 994 1108 1040 Ἐπίκουρος,
1148 996 1224 1030 ἀπὸ
1249 998 1316 1038 τῆς
1342 998 1499 1040 πρώτης
1526 997 1713 1039 γενέσεως

293 1058 430 1103 πρόχςὶ
460 1070 544 1093 τινα
571 1060 710 1103 χρόνον
739 1058 1039 1107 [ἐ]νιι,ζσ>τάντος
1064 1084 1076 1095 .
1092 1083 1105 1096 .
1120 1083 1132 1095 .
1148 1071 1166 1095 ε
1191 1063 1330 1104 πληναι
1359 1076 1374 1091 ι
1394 1088 1401 1097 .

406 1155 625 1192 molestum
657 1162 720 1192 est
751 1167 915 1206 semper
945 1156 1073 1194 uitam
1105 1157 1315 1194 incohare.

295 1223 445 1258 SEN'EGA
480 1227 582 1269 epist.
612 1226 668 1264 23,
690 1227 711 1260 9
755 1226 917 1269 ‘possum
945 1227 1038 1260 euim
1065 1227 1131 1260 tibi
1158 1239 1283 1261 uocem
1310 1229 1456 1271 Epicuri
1483 1229 1536 1261 tui
1562 1229 1713 1262 reddere

297 1296 330 1322 et
357 1290 445 1324 hanc
474 1291 663 1333 epistulam
690 1291 861 1324 liberare:
889 1293 1120 1324 molestum
1148 1318 1156 1326 .
1176 1318 1184 1326 .
1204 1320 1212 1327 .
1240 1293 1460 1326 incohare.
1501 1298 1558 1325 aut
1588 1293 1617 1326 si
1645 1293 1712 1325 hoc
1744 1296 1772 1321 ¹5

296 1355 403 1387 modo
438 1356 550 1396 magis
584 1366 710 1387 sensus
743 1362 863 1398 potest
895 1357 1062 1401 exprimi:
1116 1357 1224 1389 male
1258 1358 1412 1390 uiuunt
1443 1358 1511 1400 qui
1547 1368 1715 1400 semper

296 1421 446 1452 uiuere
479 1421 708 1464 incipiunt.
759 1420 902 1464 Quare?
935 1421 1065 1465 inquis,
1100 1422 1280 1455 desiderat
1306 1423 1400 1454 enim
1428 1422 1713 1465 explanationem

295 1485 364 1517 ista
391 1496 470 1519 uox.
514 1485 606 1527 Quia
633 1496 772 1528 semper
797 1485 872 1518 illis
898 1486 1096 1529 inperfecta
1119 1487 1193 1519 uita
1220 1486 1301 1520 est'.

411 1581 516 1617 inter
546 1586 687 1618 cetera
719 1581 827 1618 mala
857 1580 937 1619 hoc
968 1593 1134 1630 quoque
1165 1581 1291 1619 habet
1322 1581 1513 1619 stultitia:
1555 1594 1716 1631 semper

295 1653 436 1702 incipit
470 1653 623 1690 uiuere.
1739 1666 1772 1691 eo

297 1721 447 1757 SENECA
467 1724 570 1766 epist.
594 1724 710 1762 13,16
738 1725 818 1757 ‘sed
844 1726 912 1757 iam
940 1725 1044 1758 finem
1072 1725 1248 1769 epistulae
1275 1726 1411 1764 faciam,
1438 1726 1469 1758 si
1496 1726 1550 1758 illi
1579 1727 1716 1766 signum

298 1798 398 1819 suum
424 1789 638 1831 inpressero,
677 1788 713 1821 id
741 1794 794 1821 est
823 1790 975 1832 aliquam
1000 1790 1223 1831 magnificam
1249 1801 1374 1822 uocem
1402 1791 1647 1833 perferendam
1672 1790 1716 1822 ad

298 1857 333 1884 te
359 1853 586 1886 mandauero.
626 1853 744 1884 Inter
771 1878 778 1886 .
799 1879 806 1886 .
825 1879 834 1887 .
854 1879 862 1887 .
892 1854 1053 1888 uiuere.
1091 1855 1278 1887 considera
1304 1855 1391 1899 quid
1417 1865 1488 1887 uox
1514 1856 1585 1887 ista
1609 1855 1716 1895 signi·

300 1916 378 1949 ficet
521 1923 554 1949 et
596 1917 800 1960 intelleges,
840 1929 946 1961 quam
981 1919 1087 1951 foeda
1125 1919 1170 1951 sit
1202 1919 1385 1952 homiuum
1420 1919 1550 1952 leuitas
1585 1919 1717 1951 cotidie

298 1992 391 2013 noua
425 1981 520 2014 uitae
555 1981 781 2014 fundamenta
813 1983 1032 2024 ponentium,
1071 1993 1185 2016 nouas
1218 1994 1300 2026 spes
1336 1984 1442 2016 etiam
1475 1985 1512 2015 in
1546 1983 1641 2016 exitu
1666 1983 1718 2015 in·
1741 1987 1774 2013 25

299 2045 514 2079 cubantium.
559 2072 566 2079 .
587 2071 596 2079 .
617 2071 625 2078 .
645 2072 652 2079 .
685 2047 769 2078 Non
796 2047 973 2080 adicerem
1001 2054 1181 2080 auctorem
1207 2049 1301 2086 uoci,
1329 2049 1399 2081 nisi
1427 2053 1522 2081 esset
1548 2049 1718 2080 secretior

299 2121 364 2142 nec
397 2111 489 2142 iuter
518 2110 666 2151 uolgata
693 2111 838 2154 Epicuri
872 2111 978 2150 dicta,
1016 2123 1107 2154 quae
1133 2112 1221 2144 mihi
1248 2119 1282 2144 et
1309 2112 1455 2145 laudare
1483 2117 1517 2144 ct
1545 2113 1719 2155 adoptare

300 2175 471 2218 pennisi‘.

424 2325 439 2357 1
469 2335 596 2366 graece
620 2325 892 2369 στοχαζόμεθα,
920 2332 1152 2370 temperatum
1177 2327 1333 2368 imagine
1359 2328 1466 2359 etiam
1490 2325 1720 2369 philosophis

301 2387 439 2427 graecis
464 2386 547 2418 trita
573 2386 634 2429 (cf.
661 2386 733 2419 Cic.
761 2386 806 2417 de
832 2386 891 2419 fin.
917 2394 960 2419 111
987 2386 1021 2425 6,
1041 2386 1087 2419 22
1114 2387 1304 2419 Panaetius
1333 2397 1387 2429 ap.
1415 2386 1543 2418 Arium
1572 2385 1720 2418 Stobaei

303 2446 369 2479 ecl.
389 2445 460 2478 eth.
478 2457 513 2488 p.
529 2446 586 2484 64,
603 2446 623 2478 3
642 2445 842 2489 XVachsm.)
878 2446 884 2489 1
920 2447 940 2480 7
960 2448 1124 2479 uiximus
1141 2445 1236 2478 libri.
1264 2445 1310 2478 cf.
1329 2445 1464 2477 Seneca
1483 2445 1585 2488 epist.
1601 2444 1659 2482 99,
1674 2443 1717 2477 31

302 2504 391 2536 ‘hoc
426 2504 522 2547 quod
559 2504 710 2536 uiuimus
744 2505 943 2548 proximum
975 2504 1090 2536 nihilo
1125 2504 1204 2538 est’.
1243 2514 1371 2546 graece
1405 2502 1499 2538 αὐτὸ
1531 2502 1576 2536 τὸ
1602 2503 1671 2544 Ζῆν
1711 2502 1722 2542 ²3}

306 2563 350 2595 10
374 2574 417 2594 an
436 2563 560 2603 οὐδεὶς
578 2563 615 2603 ἐς
635 2561 782 2607 [τέλοςὲ
817 2564 823 2606 Ι
860 2564 900 2597 11
927 2573 1060 2607 φηεειν
1080 2563 1199 2596 charta
1235 2564 1240 2605 ί
1278 2563 1322 2595 12
1347 2560 1538 2606 προτηξνα
1558 2561 1679 2594 charta
1710 2558 1721 2605 ἐξ

306 2622 348 2654 13
376 2621 420 2654 cs.
449 2621 489 2654 sr.
508 2621 578 2653 494
623 2619 641 2666 ΙΙ
686 2623 728 2655 19
755 2622 800 2654 ad
834 2623 1045 2654 sententiam
1078 2623 1122 2655 cs.
1150 2622 1322 2653 Horatius
1357 2621 1461 2664 epist.
1487 2628 1501 2653 1
1529 2621 1561 2659 1,
1579 2620 1625 2654 97
1645 2630 1722 2663 sqq.

304 2680 474 2712 Manilius
499 2688 542 2712 lv
562 2681 582 2712 4
608 2681 725 2713 ‘nullo
753 2688 918 2714 uotorum
948 2681 1017 2713 sine
1043 2681 1139 2714 beati
1165 2681 1324 2713 uicturos
1345 2680 1482 2721 agimus
1501 2689 1640 2722 semper
1659 2689 1723 2711 nec

304 2738 457 2770 uiuimus
485 2739 668 2781 umquam'
717 2738 722 2783 Ι
769 2740 814 2773 26
841 2743 924 2772 uoci
947 2751 985 2784 p:
1013 2741 1100 2772 huic
1126 2742 1208 2771 uoci
1232 2740 1304 2770 MP
