1842 3250
675 252 881 284 EPICVRI
908 252 1096 284 ETHICA
1524 249 1589 283 281

81 372 151 406 414
299 367 534 402 CLEOMEDES
561 375 584 399 11
609 367 622 399 1
645 377 679 409 p.
698 367 764 400 112
784 366 870 400 Bak.
890 365 1011 410 (supra
1030 378 1062 409 p.
1079 365 1136 405 89,
1153 364 1215 409 220)
1241 366 1302 399 καὶ
1328 365 1374 398 τὰ
1402 363 1497 398 κατὰ
1523 364 1595 406 τὴν

179 431 380 476 ἑρμηνείαν
407 433 512 475 αὐτῷ
540 430 771 474 διεφθορότα
799 431 878 464 ἐστὶ
899 430 1124 471 ...λέγοντι
1143 456 1248 463 .....
1275 429 1334 463 καὶ
1362 428 1459 471 ἱερὰ
1487 428 1594 462 ἀνα-

179 496 511 541 κραυγάσματα
539 496 599 530 καὶ
626 495 978 538 γαργαλισμοὺς
1010 494 1224 536 σώματος
1258 494 1317 527 καὶ
1351 492 1594 536 ληκήματα

178 562 238 595 καὶ
265 561 378 601 ἄλλας
403 559 583 600 τοιαύτας
608 559 723 601 κακὰς
751 559 853 599 ἄτας.
1516 542 1520 545 “

137 632 152 657 5
177 626 226 659 id.
244 636 277 668 p.
297 626 364 659 113
398 625 443 659 οὐ
463 625 522 659 καὶ
544 625 590 658 σὺ
610 623 690 667 οὖν,
718 623 749 657 ὦ
769 624 988 667 Θρασυτάτη
1007 624 1068 657 καὶ
1087 622 1416 666 ἀναισχυντοτάτη
1436 621 1595 664 κεφαλή,

179 689 219 724 ἐκ
245 688 476 732 φιλοσοφίας
506 689 740 731 ἀποφθαρείς
769 687 904 731 οἰχήσῃ
933 688 992 722 ἐπὶ
1019 688 1199 722 Λεόντιον
1227 688 1287 721 καί
1314 686 1508 721 Φιλαινίδα
1536 687 1596 720 καὶ

177 754 243 795 τὰς
263 754 375 795 ἄλλας
394 753 544 797 ἑταίρας
569 754 630 787 καὶ
649 753 696 787 τὰ
724 752 823 796 ἱερὰ
850 751 1278 796 ἀνακραυγάσματα
1304 752 1397 794 μετὰ
1416 750 1595 794 Μινδυρί-

179 819 258 861 δου,
286 818 380 861 μετὰ
399 817 699 862 Σαρδαναπάλου
726 818 785 851 καὶ
804 816 897 858 μετὰ
916 816 1073 851 πάντων
1091 819 1170 850 τῶν
1193 819 1357 850 σεαυτοῦ
1377 816 1594 854 emam-uim

27 924 29 927 .
81 892 152 927 415
298 894 441 929 CICERO
470 895 513 926 de
542 893 672 925 finibus
699 901 725 926 Π
753 892 811 931 21,
839 893 884 927 68
926 893 978 924 ‘at
1005 903 1082 925 cum
1110 893 1180 925 tuis
1209 903 1287 924 cum
1313 892 1468 925 disseras
1495 892 1597 933 (Tor-

122 970 152 993 10
177 962 311 1004 quate),
350 959 462 991 multa
494 964 574 991 sunt
607 958 785 990 audienda
818 958 922 990 etiam
956 959 1000 990 de
1028 958 1217 990 obscaenis
1250 957 1511 1000 uoluptatibus,
1551 956 1595 988 de

177 1025 308 1069 quibus
335 1024 382 1056 ab
405 1024 564 1067 Epicuro
590 1023 800 1066 saepissime
827 1022 982 1055 dicitur‘.

224 1107 291 1138 DE
317 1106 614 1139 VOLVPTATE
640 1105 836 1138 STABILI
864 1105 1110 1146 VERAQVE

82 1169 153 1202 416
299 1169 602 1204 Om‘m’ronom's
617 1171 653 1202 in
669 1170 759 1202 Plat.
774 1169 966 1202 Philebum
983 1180 1016 1213 p.
1028 1169 1099 1202 274
1115 1169 1243 1202 Stallb.
1263 1169 1322 1203 καὶ
1342 1169 1362 1203 ὁ
1377 1167 1597 1211 Ἐπίκουρος

177 1234 276 1276 λέγει
302 1234 374 1276 τὴν
400 1235 495 1268 κατὰ
524 1235 643 1278 φύσιν
675 1233 830 1277 ἡδονήν,
864 1233 1276 1276 καταστηματικὴν
1308 1232 1430 1274 αὐτὴν
1459 1232 1595 1274 λέγων.

123 1305 155 1332 15
178 1297 302 1333 Pmno
330 1299 423 1341 legis
448 1300 554 1340 alleg.
577 1307 620 1332 111
639 1299 684 1332 54
710 1306 734 1332 t.
754 1306 767 1331 1
793 1310 826 1341 p.
850 1298 915 1331 118
935 1300 1055 1339 Mang.
1082 1301 1162 1339 τοῖς
1188 1298 1340 1339 λέγουσι
1366 1306 1594 1340 καταστη·

179 1364 374 1408 ματικὴν
399 1365 496 1399 εἶναι
520 1364 592 1406 τὴν
617 1362 771 1406 ἡδονήν.

82 1441 152 1474 417
298 1438 556 1473 PLVTARCHVS
584 1446 705 1472 contra
731 1440 879 1483 Epicuri
906 1440 1168 1472 beatitudinem
1195 1440 1215 1473 3
1241 1451 1275 1483 p.
1299 1438 1407 1472 1088ο
1433 1439 1493 1472 καὶ
1519 1438 1593 1472 πέ-

178 1515 257 1548 ρας
283 1505 380 1547 (ταῖς
397 1505 567 1548 ἡδοναῖς)
592 1505 719 1538 κοινὸν
740 1503 956 1548 Ἐπίκουρος
981 1504 1063 1545 τὴν
1090 1504 1262 1544 παντὸς
1289 1507 1370 1537 τοῦ
1398 1503 1592 1544 ἀλγοῦν-

178 1580 261 1611 τος
295 1569 616 1614 ὑπεξαίρεσιν
652 1560 892 1609 ἐπιτέθεικεν,
933 1570 984 1610 ὡς
1017 1570 1101 1611 τῆς
1136 1569 1330 1610 φύσεως
1368 1569 1475 1610 ἄχρι
1507 1570 1593 1601 τοῦ

122 1644 156 1670 ‘2⁰
178 1635 322 1668 λῦσαι
355 1634 407 1668 τὸ
442 1634 678 1676 ἀλγεινὸν
713 1634 961 1676 αὐξούσης
995 1634 1048 1667 τὸ
1084 1634 1192 1676 ἡδύ,
1234 1633 1511 1677 περαιτέρῳ
1546 1633 1595 1667 δέ

179 1700 426 1742 προελθεῖν
466 1699 548 1734 οὐκ
583 1700 731 1743 ἐώσης
766 1699 880 1733 κατὰ
917 1699 1125 1742 μέγεθος,
1167 1698 1280 1733 ἀλλὰ
1314 1697 1595 1739 ποικιλμοὺς

179 1773 307 1805 τινας
342 1763 425 1798 οὐκ
460 1764 763 1806 ἀναγκαίους,
808 1765 920 1798 ὅταν
953 1766 1068 1805 γοῦν
1096 1764 1141 1798 ἐν
1168 1766 1229 1805 τῷ
1257 1763 1311 1805 μὴ
1339 1765 1498 1797 πονεῖν
1524 1761 1594 1803 γέ-

178 1838 330 1872 νηται,
364 1829 634 1872 δεχομένης·
678 1830 701 1872 ἡ
729 1829 768 1864 δ’
797 1829 1037 1864 ἐπὶτοῦτο
1065 1828 1161 1870 μετ’
1189 1827 1385 1871 ὀρέξεως
1412 1825 1594 1870 πορεία,

181 1894 353 1937 μέτρον
379 1894 550 1936 ἡδονῆς
576 1894 707 1937 οὖσα,
735 1894 870 1938 κομιδῇ
899 1896 1091 1937 βραχεῖα
1120 1894 1194 1927 καὶ
1222 1894 1357 1927 σύν-τε
1387 1902 1462 1933 ιος.
1507 1891 1596 1926 ὅθεν

122 1967 156 1994 25
181 1957 398 2001 αἰσθόμενοι
430 1962 499 2000 τῆς
534 1959 698 1993 ἐνταῦθα
733 1959 1004 2002 γλισχρότητος
1039 1960 1163 2001 ὥςπερ
1199 1958 1240 1992 ἐκ
1275 1956 1415 2001 χωρίου
1449 1958 1595 1999 λυπροῦ

178 2025 250 2057 τοῦ
275 2023 451 2065 σώματος
475 2024 732 2068 μεταφέρουσι
756 2007 935 2064 τὸ“τέλος
959 2022 1011 2064 εἰς
1037 2023 1107 2065 τὴν
1134 2022 1272 2065 ψυχήν,
1300 2022 1351 2063 ὡς
1379 2021 1454 2055 ἐκεῖ
1478 2020 1597 2062 νομὰς

180 2086 240 2119 καὶ
265 2087 448 2128 λειμῶνας
474 2086 703 2130 ἀμφιλαφεῖς
730 2087 881 2130 ἡδονῶν
910 2087 1068 2127 ἕξοντες.

179 2150 268 2184 ibid.
295 2152 317 2184 4
344 2151 411 2185 εἶτ’
439 2151 485 2184 οὐ
512 2152 636 2192 καλῶς
661 2149 818 2185 δοκοῦσί
844 2159 904 2184 σοι
930 2152 1051 2186 ποιεῖν
1076 2149 1112 2184 οἱ
1139 2150 1273 2192 ἄνδρες
1300 2149 1501 2192 ἀρχόμενοι
1530 2148 1596 2189 μὲν

181 2214 257 2250 ἀπὸ
282 2218 352 2249 τοῦ
379 2215 566 2258 σώματος,
609 2216 649 2250 έν
676 2216 707 2260 ᾧ
734 2218 888 2259 πρῶτον
918 2215 1041 2258 ἐφάνη
1073 2215 1229 2256 γένεσις,
1275 2214 1334 2248 ἐπὶ
1363 2214 1403 2248 δέ
1429 2213 1499 2255 τὴν
1526 2222 1597 2254 ψυ-

123 2291 156 2318 30
181 2279 251 2322 χὴν
280 2280 331 2321 ὡς
357 2280 600 2324 βεβαιοτέραν
626 2280 891 2324 <μεταίροντες
923 2281 994 2322 τήν
1026 2280 1169 2322 ἡδονὴν
1199 2278 1335 2323 ἕδραν)
1364 2279 1424 2312 καὶ
1451 2277 1495 2311 τὸ
1521 2279 1596 2311 πᾶν

182 2345 221 2380 ἑν
249 2345 345 2390 αὐτῇ
373 2347 624 2387 τελειοῦντες;

303 2438 324 2471 2
350 2438 696 2482 ἀνακραυγάσματα
721 2449 848 2471 uereor
873 2449 916 2470 ne
943 2437 1177 2470 Casaubonus
1205 2437 1249 2469 ad
1268 2439 1382 2470 Laert.
1403 2437 1510 2477 Diog.
1531 2444 1556 2467 x
1577 2435 1597 2469 5

183 2506 254 2528 non
281 2502 375 2529 recte
402 2497 657 2540 interpretatus,
680 2498 741 2530 sit:
775 2498 818 2529 es.
848 2497 1000 2529 Ouidius
1028 2501 1091 2529 art.
1119 2507 1184 2529 mn.
1212 2496 1326 2529 11689
1364 2498 1369 2535 ξ
1408 2496 1428 2527 3
1458 2505 1597 2537 γαργα-

182 2555 337 2597 λισμοὺς
363 2556 407 2589 cs.
435 2557 475 2589 fr.
495 2556 566 2590 412
581 2568 633 2600 sq.
676 2556 691 2599 11
738 2559 773 2589 11
810 2557 852 2589 cf.
883 2557 920 2589 sr.
941 2556 998 2595 67,
1025 2556 1152 2588 Cicero
1179 2556 1284 2588 Tusc.
1312 2555 1403 2598 disp.
1430 2562 1454 2585 V
1475 2554 1532 2591 33,
1553 2554 1598 2587 94

182 2614 289 2657 (infra
305 2625 340 2657 p.
354 2614 437 2653 288,
452 2616 512 2659 25)
549 2614 565 2658 ss
603 2617 645 2648 14
671 2616 714 2648 cf.
734 2616 774 2648 fr.
796 2617 806 2647 l
829 2626 880 2657 sq,
899 2615 1019 2647 Dauid
1039 2617 1073 2647 in
1094 2616 1156 2647 Ar.
1176 2620 1289 2655 categ.
1308 2625 1342 2657 p.
1360 2612 1423 2646 22b
1439 2614 1483 2646 35
1501 2614 1559 2644 ΒΓ.
1587 2611 1597 2656 ¹!

186 2673 229 2706 18
248 2674 291 2705 cf.
310 2675 377 2717 Ep.
397 2679 545 2708 sent.111
584 2673 590 2718 Ι
629 2676 672 2708 21
701 2675 743 2707 cs.
764 2682 851 2708 sent.
872 2682 975 2707 XVIII
1010 2677 1014 2715 ὶ
1050 2674 1094 2707 22
1113 2673 1222 2717 γοῦν]
1244 2673 1311 2706 οὐκ
1331 2672 1426 2709 libri,
1455 2671 1600 2704 delebat

183 2732 389 2773 Maduigius
408 2732 488 2766 adu.
508 2740 521 2765 Ι
539 2733 609 2765 672
645 2732 651 2778 Ι
687 2734 732 2767 25
750 2745 800 2776 sq.
828 2733 872 2766 cs.
893 2734 932 2765 fr,
950 2733 1030 2766 429.
1046 2733 1112 2766 431
1153 2733 1158 2773 Ι
1194 2733 1239 2765 30
1259 2731 1425 2774 suppleui
1444 2729 1598 2773 exempli

183 2800 317 2829 caussa,
345 2790 633 2834 μεταβαίνοντες
660 2793 960 2835 Wyttenbachius
