1842 3250
745 219 870 253 VITA
896 219 1102 255 EPICVRI
1557 223 1627 261 361

215 343 296 374 μων
321 333 382 368 καὶ
409 331 657 376 Ἀριστίππου
685 332 771 375 περὶ
797 332 865 373 τής
891 332 1031 375 ἡδονῆς
1059 335 1111 374 ῶς
1135 332 1211 367 ἴδια
1236 332 1364 374 λέγειν.
1403 335 1453 375 μὴ
1472 332 1570 368 εἷναί
1588 343 1630 367 τε

221 397 382 441 γνησίως
412 397 543 437 ἀστόν,
577 400 630 439 ὡς
662 396 899 439 Τιμοκράτης
929 397 1023 440 φησὶ
1058 396 1117 431 καί
1145 396 1346 440 Ἡρόδοτος
1375 398 1416 432 ἐν
1448 401 1506 443 τῶ
1537 397 1630 442 Περὶ

225 462 436 506 Επικούρου
471 461 660 505 ἐφηβείας.
712 460 863 504 Μιθρῆν
899 471 940 495 τε
974 459 1139 504 αἰσχρῶς
1170 461 1389 498 κολακεύειν
1427 461 1490 496 τὸν
1522 462 1630 497 Λυσι-

211 526 333 569 μάχου
366 526 575 570 διοικητήν,
617 527 659 560 ἐν
690 529 772 566 ταῖς
807 526 1022 567 ἐπιστολαῖς
1054 525 1236 560 Παιᾶνα
1266 526 1328 560 καὶ
1362 527 1536 561 ἀνακτα
1568 537 1629 562 κα-

162 592 185 627 5
209 594 360 627 λοῦντα.
405 590 501 626 ἀλλὰ
533 591 592 626 καὶ
625 591 808 633 Ἰδομενέα
842 592 901 624 καί
937 590 1140 634 Ἡρόδοτον
1181 592 1239 625 καὶ
1273 591 1513 634 Τιμοκράτην
1543 591 1668 633 τοὺςτ.

209 656 383 692 ἔκπυστα
409 656 530 691 αὑτοῦ
556 655 605 691 τὰ
632 655 771 699 κρύφια
798 655 1032 697 ποιήσαντας
1058 655 1390 697 ἐγκωμιάζειν-καί
1415 655 1634 707 κολακεύειν

208 720 306 756 αὐτὸ
339 723 466 756 τοῦτο.
514 720 555 755 ἔν
589 730 631 755 τε
662 722 745 762 ταῖς
775 720 989 761 ἐπιστολαῖς
1028 719 1123 763 πρὸς
1164 720 1232 761 μὲν
1269 719 1450 754 Λεόντιον
1483 719 1633 755 Παιὰν

209 786 335 828 ἄναξ,
368 784 505 829 φίλον
535 784 837 828 Λεοντάριον,
873 784 974 819 οἵου
1009 784 1356 828 κροτοθορύβου
1388 784 1503 827 ἡμᾶς
1538 783 1631 819 ἐνέ·

209 851 388 893 πλησας
414 849 707 892 ἀναγνόντας
733 857 819 884 σου
851 849 902 884 τὸ
935 849 1217 885 ἐπιστόλιον·
1251 848 1345 892 πρὸς
1376 849 1417 883 δὲ
1443 847 1632 890 Θεμίσταν

209 916 282 958 τὴν
296 914 493 960 Λεοντέως
510 918 673 955 γυναῖκα
698 914 807 955 Οἷός
834 925 880 949 τε
905 913 1024 958 φησίν
1051 913 1150 957 εἰμί,
1178 914 1256 949 ἐὰν
1283 914 1339 957 μὴ
1365 916 1494 956 ὑμεῖς
1519 913 1633 957 πρός
1651 922 1685 949 ιο

211 989 263 1022 με
289 976 541 1022 ἀφίκησθε,
567 970 709 1021 αύτὸς
734 979 1052 1023 τρικύλιστος,
1080 978 1196 1027 ὅπου
1222 978 1275 1014 ἂν
1300 979 1431 1021 ὑμεῖς
1457 979 1526 1013 καὶ
1552 976 1631 1013 Θε-

211 1043 348 1086 μίστα
369 1044 684 1087 παρακαλῆτε,
712 1044 946 1078 ὠθεῖσθαι.
994 1042 1081 1087 πρὸς
1104 1043 1145 1078 δὲ
1160 1043 1362 1078 Πυθοκλέα
1378 1043 1522 1086 ὡραῖον
1539 1044 1632 1078 ὄντα

211 1107 499 1149 Καθεδοῦμαι
531 1105 628 1149 φησί
663 1108 943 1150 προσδοκῶν
975 1107 1058 1149 τήν
1092 1106 1285 1150 ἱμερτὴν
1318 1108 1388 1142 καὶ
1431 1106 1632 1142 ἰσόθεόν

209 1181 293 1206 σου
328 1171 522 1206 εἴσοδον.
571 1174 631 1209 καί
667 1171 779 1206 πάλιν
812 1171 907 1214 πρὸς
939 1169 1127 1213 Θεμίσταν
1159 1171 1321 1214 γράφων
1356 1171 1494 1213 νομίζει
1533 1171 1629 1215 αὐτῇ

209 1239 416 1280 παραινεῖν,
453 1235 550 1272 καθά
581 1244 678 1279 φησι
704 1236 904 1279 Θεόδωρος
936 1236 976 1271 ἐν
1003 1238 1058 1279 τῷ
1090 1236 1263 1280 τετάρτῳ
1298 1239 1379 1271 τῶν
1404 1236 1510 1280 Πρὸς
1537 1235 1629 1271 Ἐπί·
1648 1246 1685 1273 1⁶

158 1303 181 1339 6
208 1312 362 1342 κουρον.
405 1303 465 1335 καὶ
491 1301 620 1343 ἄλλαις
645 1301 688 1336 δέ
715 1302 870 1338 πολλαῖς
890 1302 1053 1344 ἑταίραις
1071 1302 1243 1344 γράφειν,
1271 1303 1331 1336 καί
1349 1301 1509 1343 μάλιστα
1523 1302 1632 1341 Λεον,

207 1364 292 1410 τίψ,
320 1365 364 1407 ἧς
399 1365 459 1399 καὶ
488 1365 754 1409 Μητρόδωρον
781 1369 997 1409 ἐρασθῆναι.
1048 1367 1088 1400 ἐν
1113 1377 1154 1400 τε
1181 1369 1237 1410 τῷ
1263 1365 1358 1410 Περὶ
1383 1365 1517 1408 τέλους
1540 1367 1630 1408 γοά-

208 1440 296 1474 φειν
331 1430 455 1472 οὕτως
483 1431 546 1466 Οὐ
581 1430 665 1473 γὰρ
701 1431 844 1472 ἔγωγε
871 1431 958 1473 ἐχιυ
985 1430 1026 1465 τί
1053 1431 1207 1473 νοήσω
1233 1431 1452 1473 τάγαθόν,
1494 1432 1631 1475 ἀφαι-

212 1497 304 1538 ρῶν
335 1495 417 1537 μὲν
452 1495 537 1536 τὰς
577 1495 655 1529 διὰ
687 1497 847 1538 χυλῶν
878 1495 1077 1538 ἡδονάς,
1113 1496 1337 1539 ἀφαιρῶν
1370 1497 1418 1530 δὲ
1451 1507 1536 1538 τας
1568 1496 1630 1531 δι’

209 1558 520 1602 ἀφροδισίων
556 1560 749 1601 καὶτὰς
774 1559 835 1593 δι’
863 1560 1192 1602 ἀκροαμάτων
1222 1563 1291 1594 καί
1326 1560 1401 1602 τὰς
1426 1561 1500 1596 διὰ
1526 1571 1632 1605 μορ·
1649 1572 1684 1597 20

325 1677 349 1710 ¹7
376 1676 414 1710 fr.
447 1676 514 1710 143
537 1676 544 1718 Ι
568 1676 612 1711 10
642 1677 682 1710 sr.
716 1674 877 1713 125112
905 1676 944 1709 sr.
980 1674 1074 1715 1651
1102 1677 1139 1708 14
1169 1676 1209 1710 fr.
1243 1674 1337 1720 1251
1364 1676 1404 1709 17
1433 1677 1471 1711 fr.
1501 1676 1547 1710 6⁷

333 1802 347 1834 l
378 1804 463 1846 περὶ
490 1805 559 1846 τῆς
584 1813 641 1836 om
670 1804 698 1836 F
727 1806 795 1845 της
820 1814 875 1835 om
902 1804 948 1846 fn
967 1805 988 1835 2
1014 1804 1131 1838 ἀστὸν
1161 1805 1293 1838 BPHf:
1327 1804 1444 1838 αὐτὸν
1469 1804 1545 1847 FQ,
1572 1815 1631 1845 mg

209 1862 246 1895 H
263 1861 280 1904 ΙΙ
297 1861 318 1895 3
347 1860 483 1906 μίθρην
507 1863 625 1905 FPQr
647 1862 804 1906 μείθρην
832 1864 858 1895 Β
885 1861 1020 1906 μίθρον
1045 1865 1080 1895 H
1104 1864 1110 1904 Ι
1132 1863 1326 1906 λυσμάχου
1354 1865 1384 1904 Q
1409 1862 1425 1906 {2
1448 1864 1469 1896 5
1495 1863 1629 1905 ἡδυμε-

208 1920 277 1956 νέα
301 1919 365 1964 ΒΗ
386 1922 480 1955 6-7
509 1921 728 1956 κολακεύειν
754 1922 861 1956 αὐτῶ
888 1923 1026 1957 τούτω.
1057 1924 1095 1963 F,
1123 1924 1139 1954 f
1158 1922 1174 1965 u
1199 1923 1220 1954 7
1247 1926 1363 1957 τοῦτο
1379 1948 1386 1957 .
1402 1949 1409 1956 .
1426 1947 1435 1955 .
1452 1922 1631 1957 Λεόντιον

209 1990 268 2012 om
290 1979 324 2021 Q
343 1978 352 2022 1
373 1981 544 2014 λεόντιον
565 1978 634 2014 H2:
659 1982 690 2015 λ’
703 1979 833 2015 οντίαν
851 1978 1020 2013 131⁴·Pfl1s
1037 1983 1044 2024 Ι
1066 1983 1089 2014 8
1109 1980 1249 2026 ἡ[μ]εῑς
1275 1992 1352 2014 cum
1378 1982 1509 2014 recenti
1526 1982 1632 2014 litura

209 2039 240 2071 B
260 2036 268 2081 Ι
289 2038 501 2083 ἐνέπλησας
525 2040 655 2074 Suidas
682 2051 715 2072 ιι.
744 2040 1043 2083 κροτοθορύβους
1080 2039 1262 2083 ἐνέπλησε
1290 2042 1318 2073 Β
1345 2040 1552 2084 ἐνέπλησεν
1579 2052 1631 2073 ce-

208 2098 275 2130 teri
299 2108 378 2131 cum
405 2099 422 2131 s
448 2097 464 2142 ΙΙ
489 2098 511 2133 9
536 2098 773 2141 ἀναγνόντας
799 2108 869 2134 σου
895 2101 996 2142 PQH
1022 2100 1255 2142 ἀναγνόντας
1281 2101 1340 2135 σοὶ
1368 2101 1396 2133 s:
1425 2099 1628 2141 ἀναγνόντί

209 2164 271 2192 σοι
302 2158 344 2200 F,
371 2157 500 2191 Suidae
530 2157 615 2191 libri
647 2158 869 2196 ἀναγνόντι.
899 2165 933 2191 et
964 2169 1128 2202 suprascr
1153 2167 1214 2193 σοι
1240 2156 1287 2191 B‘-¹·
1315 2159 1322 2200 Ι
1351 2158 1392 2193 δὲ
1418 2169 1475 2191 om
1501 2158 1517 2190 f
1537 2158 1554 2203 ΙΙ
1587 2158 1628 2194 10

210 2214 365 2257 λέοντος
390 2215 491 2250 libri:
518 2228 598 2251 corr
612 2217 820 2251 Gassendus
842 2216 849 2260 1
870 2215 952 2259 οἷός
977 2228 1018 2252 τε
1041 2217 1140 2250 libri:
1167 2217 1247 2261 οἷος
1261 2218 1419 2251 Cobetus
1441 2216 1447 2261 1
1470 2217 1565 2260 πρὸς
1583 2228 1626 2258 με

211 2273 312 2308 libri:
339 2274 435 2318 πρὸς
461 2275 526 2316 ἐμὲ
554 2276 713 2309 Cobetus
748 2275 764 2319 u
797 2277 838 2309 11
865 2275 1073 2318 ἁφίκησθαι
1100 2278 1135 2309 H
1158 2278 1164 2317 l
1193 2276 1292 2311 ὅπου
1319 2278 1419 2311 libri:
1447 2277 1534 2311 ὅποι
1561 2278 1629 2309 Co·

210 2331 314 2365 betus
335 2332 342 2376 Ι
363 2332 526 2376 θέμιστα
550 2335 703 2377 131³erss
721 2334 737 2378 ΙΙ
765 2335 806 2368 12
833 2334 1109 2379 παρακαλ[ῆτε]
1138 2347 1214 2368 cum
1246 2346 1302 2368 rec
1327 2336 1431 2368 litura
1456 2338 1486 2369 B
1512 2347 1630 2381 παρα-

210 2392 377 2426 καλεῖται
402 2393 419 2425 s
444 2392 461 2436 u
493 2392 535 2427 13
562 2394 811 2436 καθαιὸοῦμαι
838 2392 918 2436 B¹Q
948 2395 965 2435 11
997 2395 1039 2427 14
1067 2394 1175 2437 πρὸς]
1203 2394 1256 2436 ὡς
1281 2395 1297 2426 s
1322 2394 1329 2438 Ι
1363 2395 1505 2438 νομίζει
1531 2397 1629 2442 αὐτῆ

212 2454 410 2493 παραινεῖν
436 2451 602 2495 BFPQH
636 2452 800 2496 νομίζειν
826 2453 947 2494 αὐτὴν
973 2458 1165 2497 περαινεῑν
1191 2455 1214 2488 s.
1255 2454 1336 2488 [ott.
1363 2455 1539 2498 ὀνομάζει
1565 2457 1630 2492 αὐ-

211 2509 283 2551 τὴν
308 2509 510 2555 Ἀριάγνην
534 2513 660 2556 (paulo
686 2512 824 2553 longius
851 2514 954 2546 abest
978 2513 1075 2556 quod
1107 2514 1203 2546 edidi
1230 2513 1399 2558 ἑταίραν)
1427 2514 1443 2557 ΙΙ
1479 2515 1520 2547 15
1547 2515 1630 2550 θεό-

211 2568 335 2613 δωρος
357 2570 460 2604 libri:
489 2560 668 2613 θεόδοτος
696 2573 749 2613 ὡς
775 2572 791 2604 f
804 2570 821 2615 ss
842 2571 883 2605 16
909 2571 1068 2606 λεοντίω
1088 2569 1215 2615 1321’19
1241 2572 1418 2607 λεοντείω
1444 2574 1496 2606 H:
1524 2575 1628 2608 λεον-

208 2626 271 2663 τία
294 2624 431 2673 B¹FP2,
459 2629 510 2671 fn
539 2631 578 2664 17
609 2628 682 2675 τῷ]
707 2633 788 2666 τῶν
814 2628 867 2664 Ηῑ
889 2630 905 2674 ΙΙ
933 2632 974 2666 18
1000 2633 1136 2675 νοῆσαι
1160 2631 1190 2663 F
1212 2630 1230 2675 u
1257 2632 1298 2666 19
1324 2633 1462 2674 χειλῶν
1488 2633 1520 2674 Q
1551 2632 1557 2675 ί
1586 2633 1628 2668 δὲ

211 2688 274 2722 καὶ
295 2688 367 2730 ’τὰς
394 2689 607 2723 Meibomius
629 2691 636 2733 Ι
659 2689 954 2734 διαφροδισίως)
979 2691 1009 2722 F
1024 2687 1042 2735 ΙΙ
1059 2690 1105 2723 20
1134 2690 1362 2734 κροαμάτων
1380 2688 1428 2723 Βι
1450 2692 1456 2734 1
1479 2693 1630 2735 μορφῆς

211 2743 443 2781 Athenaeus:
474 2752 625 2793 μορφᾶς
640 2750 688 2782 Pr
710 2756 744 2782 et
762 2755 807 2782 exe
823 2748 972 2793 μορφὰς
990 2760 1069 2782 corr
1083 2747 1129 2782 Βι
1157 2750 1305 2793 μορφάς
1323 2751 1394 2793 QH
1419 2754 1580 2794 μορφῶν
1601 2752 1631 2783 F
