1846 3288
373 202 631 235 EPICVREA
657 203 762 236 CVM
789 204 1163 237 PYTHAGORICIS
1191 204 1362 237 MIXTA
1449 204 1578 237 LXIII

163 323 334 362 mutato,
367 317 418 355 nil
447 318 556 355 aliud
589 318 642 355 illi
664 318 797 356 codici
821 320 967 357 inesse.
1014 319 1292 357 cohibendum
1321 321 1441 369 igitur
1471 321 1575 357 iudi·

163 385 281 430 cium,
312 386 450 423 donec
481 386 541 422 uir
562 385 821 423 doctissimus
845 392 885 424 et
913 387 1290 436 perspicacissimus
1313 387 1576 425 thensaurum

162 451 330 490 Maximi
367 465 415 489 ex
448 452 637 490 codicum
671 453 930 491 multitudine
974 462 1141 492 strenuo
1174 454 1409 505 sollertique
1439 455 1576 492 studio

162 525 496 569 pertractatorum
526 521 758 558 restitutum
792 522 965 561 dederit.

276 598 412 636 neque
443 600 543 625 uero
575 599 679 637 opus
712 595 774 625 est
804 588 880 627 hac
910 590 1122 627 nominum
1155 588 1418 627 confusorum
1449 589 1576 638 expli-

162 655 335 693 catione.
381 662 547 704 praesto
578 656 685 692 enim
720 662 780 693 est
814 657 932 706 longe
963 657 1183 706 simplicior
1214 662 1253 695 et
1282 667 1389 705 quae
1420 669 1504 693 non
1535 657 1575 694 in

161 721 400 760 coniectura
432 724 508 760 sed
540 723 580 760 in
612 735 653 760 re
686 730 795 761 certa
818 725 980 762 nitatur.
1023 731 1187 762 constat
1208 725 1315 763 enim
1336 736 1421 761 non
1443 724 1574 761 minus

161 800 285 838 quam
328 788 488 827 Stoicos
537 790 659 827 etiam
703 790 982 840 Pythagoreos
1028 793 1275 841 posteriores
1319 792 1483 842 Epicuri
1521 793 1574 829 de

161 856 270 894 uitae
291 857 528 900 rationibus,
560 857 736 895 maxime
758 858 812 894 de
832 859 1126 908 cupiditatibus
1147 859 1251 896 intra
1274 865 1448 897 naturae
1470 859 1572 896 fines

159 924 399 962 coercendis
429 931 651 974 praecepta
682 925 847 963 mirifice
874 927 1126 975 amplexatos
1157 938 1260 964 esse.
1298 927 1379 964 iam
1402 925 1452 973 Q.
1474 926 1575 964 Sex-

159 992 236 1029 tius
277 1003 398 1029 carne
430 992 719 1030 abstinendum
757 1004 848 1030 esse
890 1006 971 1030 non
1005 993 1264 1043 Pythagorae
1304 994 1379 1031 sed
1410 994 1574 1043 Epicuri

159 1060 408 1110 argumentis
456 1061 599 1096 docuit
641 1059 694 1099 cf.
733 1059 889 1098 Seneca
929 1062 1045 1110 epist.
1082 1062 1176 1108 108,
1213 1062 1274 1100 18.
1334 1061 1574 1110 Apollonius

159 1126 389 1175 Tyauensis
423 1126 671 1164 Philostrato
704 1133 809 1164 teste
841 1128 908 1166 uit.
933 1135 946 1166 Ι
971 1130 989 1165 7
1025 1130 1148 1176 Aegis
1181 1126 1352 1176 διήκουε
1386 1126 1455 1167 καὶ
1488 1128 1574 1167 τῶν

155 1191 416 1243 Ἐπικούρου
455 1191 611 1241 λόγων,
659 1192 760 1233 οὐδὲ
800 1192 882 1244 γὰρ
918 1193 1100 1243 τούτους
1140 1192 1484 1243 ἀπεσπούδαζεν,
1533 1202 1574 1233 et

159 1261 348 1310 frequens
383 1268 445 1299 est
475 1262 515 1298 in
545 1262 724 1311 epistulis
757 1263 831 1299 sub
864 1263 949 1298 eius
983 1263 1145 1299 nomine
1177 1263 1291 1307 fictis,
1324 1264 1384 1300 eis
1415 1264 1573 1313 praeci·-

159 1340 239 1378 pue
270 1340 373 1378 quas
405 1329 612 1366 Iohannes
645 1329 848 1367 Stobaeus
887 1331 1102 1379 excerpsit,
1147 1332 1443 1368 sententiarum
1477 1331 1572 1380 Epi-

159 1397 244 1434 curi
277 1396 496 1434 similitudo
517 1394 544 1436 ¹.
587 1398 644 1435 sic
677 1398 745 1447 qui
765 1397 1020 1435 Perictionae
1049 1410 1200 1435 nomen
1231 1399 1426 1437 mentitur
1459 1400 1573 1447 apud

158 1463 271 1504 Stob.
290 1464 373 1503 flor.
392 1471 560 1504 LXXXV
580 1467 630 1504 19
664 1466 840 1503 mulieris
873 1467 1020 1503 uictum
1045 1466 1210 1515 Epicuri
1242 1467 1367 1503 modo
1391 1467 1446 1503 ad
1469 1466 1569 1502 fines

157 1537 328 1569 naturae
371 1530 499 1581 (πρὸς
533 1530 665 1581 μέτρα
696 1530 877 1583 φύσιος)
918 1540 1086 1570 reuocat
1124 1534 1189 1579 (cf.
1222 1545 1260 1582 p.
1287 1531 1396 1581 393).
1442 1531 1570 1582 quid?

159 1599 271 1648 quod
301 1601 563 1637 notissimum
594 1601 756 1650 Epicuri
786 1610 1063 1649 praeceptum,
1108 1602 1220 1649 quod
1251 1601 1372 1650 plane
1403 1602 1443 1638 in
1476 1613 1570 1650 pro-

156 1667 339 1705 uerbium
371 1668 467 1705 abiit
485 1665 511 1713 ²,
544 1664 653 1707 Λὰθε
687 1665 852 1717 βιώσας
886 1664 950 1718 (fr.
971 1664 1072 1717 551)
1100 1669 1208 1705 adeo
1233 1680 1324 1705 cum
1349 1667 1570 1706 Platonicis

158 1733 404 1785 Pythagorei
443 1736 733 1785 probauerunt,
782 1743 826 1773 ut
858 1735 1114 1786 Pythagorae
1164 1736 1240 1785 ipsi
1275 1736 1572 1784 adscriberent,

160 1803 271 1852 quod
302 1802 485 1840 Marinus
517 1804 558 1839 in
588 1804 672 1841 uita
705 1803 831 1840 Procli
864 1816 895 1841 c.
923 1806 971 1840 15
1007 1809 1178 1840 testatur
1208 1802 1427 1843 τοσοῦτον
1450 1800 1572 1858 ἑλάν-

156 1870 286 1910 θανεν
318 1867 429 1910 ὅσον
462 1867 563 1910 οὐδὲ
595 1867 634 1910 οἱ
662 1868 952 1920 Πυθαγόρειοι
983 1868 1032 1910 τὸ
1066 1867 1181 1910 Λὰθε
1213 1867 1376 1919 βιώσας
1406 1868 1568 1919 παράγ-

154 1937 288 1987 γελμα
320 1938 396 1977 τοῦ
435 1935 734 1988 καθηγεμόνος
773 1936 1017 1978 ἀσάλευτον
1053 1935 1370 1987 φυλάττοντεςῑ
1415 1939 1497 1976 iam
1529 1945 1572 1975 ut

154 2005 266 2043 idem
302 2006 397 2043 olim
435 2007 675 2055 Apollonius
715 2007 754 2043 in
794 2019 863 2044 ore
905 2006 1087 2054 gesserit,
1133 2006 1230 2042 audi
1268 2017 1291 2041 a
1323 2005 1570 2043 Philostrato
1638 2038 1640 2040 .

154 2073 225 2112 uit.
255 2079 345 2112 VIII
377 2074 429 2111 28
464 2085 501 2122 p.
525 2075 605 2112 368
650 2070 793 2113 πάντα
831 2072 909 2112 τὸν
952 2071 1112 2122 χρόνον
1157 2070 1208 2111 ὃν
1253 2069 1356 2122 ἐβίω
1401 2069 1571 2119 λέγεται

154 2137 268 2188 θαμὰ
299 2137 662 2190 ἐπιφθέγγεσθαι·
698 2138 812 2180 Λάθε
845 2138 1021 2191 βιώσας,
1053 2137 1088 2179 εἰ
1119 2138 1166 2178 δὲ
1189 2137 1243 2188 μὴ
1275 2136 1439 2190 δύναιο,
1467 2137 1571 2179 λάθε

277 2279 293 2313 1
323 2280 482 2315 cf.st0b.
510 2281 544 2315 fl.
571 2291 596 2315 x
616 2281 662 2315 64
690 2293 766 2314 cum
791 2282 858 2324 Ep.
886 2286 976 2313 sent.
999 2279 1041 2315 18
1069 2291 1124 2322 ep.
1150 2279 1292 2319 11113‘2,
1318 2288 1401 2313 xvn
1422 2277 1465 2312 15
1492 2289 1569 2311 cum

157 2347 212 2381 ep.
232 2347 278 2372 111
297 2339 363 2373 131
392 2340 434 2373 fr.
456 2339 535 2374 181.
560 2338 631 2374 602
657 2345 692 2372 et
716 2339 781 2374 <221
812 2340 869 2381 (cs.
889 2340 968 2372 adn.
994 2350 1027 2382 p,
1047 2338 1127 2376 345,
1146 2338 1219 2381 33),
1245 2347 1399 2372 xxxvm
1419 2336 1465 2371 58
1491 2348 1569 2369 cum

154 2396 196 2431 fr.
223 2395 305 2436 488,
334 2405 428 2431 CXXI
446 2397 494 2432 34
521 2409 597 2431 cum
625 2399 665 2433 fr.
683 2397 766 2442 494,
795 2405 917 2432 cxxiv
941 2397 986 2432 35
1013 2408 1091 2430 cum
1118 2403 1207 2431 sent.
1223 2396 1272 2431 40
1297 2399 1338 2430 fr.
1357 2395 1444 2436 21&
1469 2406 1571 2439 prae-

153 2460 252 2488 terea
275 2456 360 2489 uide
386 2457 486 2491 Stob.
515 2457 581 2491 ecl.
609 2457 680 2491 eth.
708 2468 741 2502 p.
764 2457 844 2496 191,
865 2457 882 2490 1
913 2456 1097 2490 ῐᾙαεὶιειῃ.
1123 2456 1198 2498 (ubi
1222 2466 1257 2490 u.
1284 2455 1306 2490 3
1336 2457 1480 2488 restitue
1507 2457 1569 2490 λα-

153 2514 334 2559 λούμενα)
350 2521 383 2549 et
409 2516 578 2559 epistulas
598 2522 756 2550 seruatas
778 2516 821 2550 10
848 2517 907 2559 (cf.
924 2517 990 2560 Ep.
1014 2516 1054 2549 fr.
1073 2514 1143 2549 564
1170 2522 1205 2548 et
1232 2514 1316 2560 187)
1343 2514 1399 2549 22.
1418 2514 1464 2549 26
1483 2515 1571 2553 init„

153 2574 198 2608 cf.
224 2585 326 2617 supra
350 2586 384 2618 p.
403 2582 512 2609 LVIII.

272 2632 295 2666 ‘2
320 2633 362 2667 cf.
389 2634 600 2667 Damascius
627 2635 721 2677 apud
747 2634 892 2666 suidam
919 2644 952 2666 u.
982 2632 1184 2676 Σαραπίων
1211 2643 1245 2675 p.
1263 2631 1344 2671 675,
1369 2632 1412 2666 16
1438 2632 1569 2665 Bemh.

151 2693 221 2726 τοῦ
247 2701 289 2726 τε
315 2691 355 2726 ἑν
380 2691 564 2738 παροιμίᾳ
592 2691 768 2735 λέγεσθαι
784 2691 986 2734 εἰωθότος,
1013 2691 1112 2736 ἔργῳ
1140 2691 1180 2725 δὲ
1203 2690 1475 2734 βεβαιωθέντος
1503 2688 1568 2724 ὑπ’

152 2749 313 2790 ἐκείνου,
336 2754 406 2786 τοῦ
431 2751 531 2786 Λάθε
558 2751 711 2794 βιώσας.
