1846 3288
278 251 374 285 XVI
841 249 909 282 PR
914 248 1138 282 AEFATIO

280 367 406 405 sionis
447 366 599 405 latinae
638 379 675 406 a.
711 368 817 405 1566
858 366 1000 403 editae
1041 367 1242 416 permulta
1285 365 1478 404 editionis
1508 363 1700 416 principis

279 435 379 472 uitia
418 435 657 472 emendauit
698 439 739 470 et
778 432 929 470 omissa
964 433 1187 482 suppleuit;
1232 434 1308 470 sed
1348 439 1393 470 ut
1424 433 1580 470 ferebat
1610 432 1699 469 eius

280 502 504 547 saeculum,
537 506 777 539 constanter
797 499 870 537 illis
890 499 950 537 uti
971 511 1049 537 nec
1070 499 1196 537 uoluit
1226 512 1305 537 nec
1333 501 1490 549 potuit;
1521 511 1573 537 ne
1603 510 1700 536 eum

280 568 448 617 quidem
480 581 604 618 quem
626 573 790 617 poterat
806 567 981 605 fructum
1011 566 1224 605 utilissima
1254 567 1342 605 eius
1373 578 1500 617 opera
1533 567 1594 604 his
1615 571 1698 604 stu-

278 634 356 671 diis
388 634 536 684 attulit,
581 646 675 672 cum
719 640 816 671 ante
849 632 1149 672 Schneiderum
1180 633 1386 672 Saxonem
1423 639 1584 673 tantum
1613 645 1698 670 non

279 701 487 738 obliuione
510 702 672 751 sepulta
693 702 859 748 iaceret,
893 713 946 738 ne
967 700 1180 752 Stephano
1202 701 1371 751 quidem
1393 702 1561 750 cognita
1573 698 1601 741 ¹.
1646 702 1696 739 si-

277 768 382 806 milis
403 774 446 805 et
475 767 639 806 indoles
671 774 713 806 et
735 769 899 806 fortuna
920 767 994 806 suit
1013 768 1207 806 editionis
1234 775 1275 806 et
1305 769 1505 806 uersionis
1525 781 1549 805 a
1570 768 1608 806 T
1617 768 1642 805 'n
1655 780 1698 806 o-

277 847 352 873 ma
383 835 787 873 Aldobrandino
819 842 987 874 curatae
1017 842 1059 872 et
1084 842 1178 886 post
1209 836 1296 873 eius
1327 842 1501 874 mortem
1532 848 1556 872 a
1579 836 1698 874 Petro

279 903 487 941 cardinale
506 902 816 940 Aldobrandino
838 903 999 940 Romae
1026 916 1063 941 a.
1088 899 1227 942 15942
1256 904 1495 953 euolgatae3
1529 915 1625 940 usus
1658 912 1700 940 et

277 970 342 1007 ille
380 970 527 1007 codice
566 969 799 1007 Borbonico
838 971 1045 1018 quaedam
1077 981 1127 1006 ex
1167 970 1404 1008 coniectura
1436 971 1534 1007 scite
1566 982 1700 1008 corre-

277 1038 358 1082 xit;
393 1038 436 1074 fit
459 1049 624 1087 quoque
657 1043 702 1074 ut
731 1037 993 1074 emendatior
1013 1037 1135 1074 lectio
1166 1038 1206 1074 in
1238 1039 1429 1075 uersione
1463 1037 1599 1075 lateat.
1634 1049 1699 1073 ce-

278 1104 351 1141 teri
373 1105 453 1141 iam
476 1104 598 1141 libros
617 1110 686 1140 aut
708 1103 839 1141 nullos
863 1103 1156 1141 consuluerunt
1184 1111 1252 1141 aut
1274 1105 1537 1141 deterrimum
1559 1116 1697 1154 quem—

279 1183 373 1220 que,
388 1172 430 1208 in
448 1183 569 1220 quem
587 1172 836 1220 incidissent,
856 1171 932 1208 nisi
950 1172 1064 1220 quod
1082 1172 1121 1208 in
1140 1171 1436 1209 commentario
1455 1171 1697 1210 doctissimo

277 1238 550 1287 Menagius
582 1239 752 1276 codices
774 1238 1026 1276 Parisienses
1058 1244 1101 1276 et
1123 1239 1384 1277 Florentinos
1417 1239 1483 1276 hic
1513 1239 1593 1276 illic
1624 1239 1699 1277 ad-

277 1306 410 1346 sciuit.
443 1312 583 1344 nostra
613 1307 780 1344 demum
813 1306 1011 1344 memoria
1033 1305 1216 1344 Cobetus
1238 1305 1571 1346 Wachsmuthius
1590 1306 1698 1343 Bon·

278 1449 365 1492 gio'.
405 1451 442 1482 in
468 1450 576 1493 praef.
603 1461 637 1493 p.
660 1448 682 1483 5
715 1449 870 1494 ‘aliquot
896 1450 1153 1493 exemplaribus
1189 1452 1325 1494 graecis
1353 1451 1601 1484 uetustissimis
1627 1452 1699 1484 illis

282 1520 359 1541 cum
387 1509 677 1551 interpretatione
705 1509 845 1542 collatis
872 1514 977 1552 atquae
1003 1510 1106 1542 etiam
1126 1511 1274 1543 eruditis
1292 1511 1603 1543 obseruationibus
1618 1510 1699 1542 Ful-

230 1612 235 1617 .
279 1568 328 1600 uii
342 1567 466 1601 Vrsini
480 1567 654 1600 Romani'
679 1567 838 1600 adiutum
867 1578 904 1599 se
932 1568 1041 1601 fuisse
1069 1569 1170 1602 dicit:
1199 1574 1371 1602 memorat
1395 1570 1604 1612 plerumque
1631 1570 1701 1609 v(e—

279 1628 399 1668 terem)
425 1626 622 1668 c(odicem),
637 1628 813 1659 Venetum
832 1637 866 1670 p.
883 1627 953 1660 289
975 1627 1181 1670 ibidemque
1196 1629 1406 1660 Vaticanum
1418 1639 1427 1666 ς
1453 1627 1579 1670 promit
1605 1628 1699 1659 idem

275 1686 447 1718 lectiones
474 1685 545 1718 soli
571 1686 600 1717 B
626 1685 788 1728 proprias
815 1686 914 1718 uelut
945 1697 978 1728 p.
1007 1686 1087 1730 36⁶2,
1116 1686 1138 1720 Ξ.)
1173 1687 1353 1729 διαραμεν
1391 1687 1525 1726 (Samb.
1552 1697 1586 1729 p.
1612 1685 1699 1727 407)

276 1744 333 1783 20,
350 1745 395 1778 10
419 1745 706 1788 παρασκευάσαι
733 1746 779 1786 (S.
806 1755 840 1787 p.
862 1744 944 1786 427)
1018 1744 1077 1787 49,
1094 1745 1137 1779 17
1165 1747 1266 1780 λεῖον
1293 1747 1339 1787 (S.
1367 1757 1400 1788 p.
1415 1745 1498 1787 441)
1573 1744 1631 1788 50,
1656 1744 1699 1779 17

274 1802 482 1839 ὀξυτονίων
501 1805 611 1845 (ibid.)
682 1803 765 1846 324,
787 1803 832 1837 15
858 1804 1111 1847 ἐκπεπληρῶν
1135 1805 1182 1845 (S.
1201 1815 1235 1848 p.
1250 1803 1333 1845 445)
1377 1805 1463 1836 infra
1489 1816 1523 1847 p.
1542 1814 1638 1838 xxxi
1652 1803 1698 1836 60

275 1862 435 1906 ‘quidam
463 1863 577 1895 codex
604 1861 850 1906 δημόκριτος’
875 1864 922 1904 (S.
951 1862 1095 1905 2450).
1135 1863 1373 1896 Schneiderus
1387 1864 1479 1895 Saxo
1505 1864 1541 1895 in
1555 1861 1698 1905 Epicuri

275 1921 433 1965 physicis
467 1926 502 1954 et
527 1922 816 1962 meteorologieis
852 1922 1010 1965 (Lipsiae
1038 1922 1143 1964 1813)
1175 1923 1306 1965 primus
1333 1922 1496 1954 adhibuit
1520 1922 1564 1955 cf.
1593 1920 1700 1964 praes.

275 1991 308 2024 p.
324 1988 436 2014 xvm.

398 2039 412 2072 1
446 2039 575 2072 sufficit
600 2039 813 2082 adposuisse
840 2049 895 2082 ep.
922 2047 951 2072 11
975 2039 1043 2073 107
1061 2050 1096 2082 p.
1111 2039 1206 2081 49,t;
1232 2038 1552 2083 ἀποτηκομένιυνε
1578 2038 1701 2071 deerat

275 2097 344 2129 hoc
370 2108 450 2131 uoc.
477 2098 513 2130 in
542 2098 699 2131 editione
725 2097 896 2141 principe,
925 2096 1074 2131 restituit
1099 2098 1297 2131 Sambucus
1325 2099 1549 2132 emendatum
1574 2109 1608 2141 p.
1629 2096 1694 2131 441

275 2156 382 2189 'adde
410 2167 538 2197 graeco
569 2168 611 2189 ex
634 2167 712 2191 me.
741 2156 1075 2201 ἀποτηκομένων’,
1103 2155 1187 2200 quid
1210 2157 1435 2200 Stephanus?
1463 2155 1643 2200 suppleuit
1669 2156 1699 2188 is

276 2226 421 2258 quoque
448 2216 512 2248 sed
538 2220 738 2257 corruptum
764 2217 811 2258 (p.
832 2215 904 2250 420
929 2216 1035 2257 med.)
1061 2214 1322 2258 ἀποκομένων.

397 2274 419 2307 2
445 2274 491 2306 de
517 2274 679 2308 Thomae
705 2275 820 2317 patrui
847 2286 956 2319 opera
980 2276 1108 2308 Petrus
1126 2275 1424 2308 Aldobrandinus
1451 2274 1536 2307 haec
1559 2274 1603 2306 ad
1628 2272 1696 2306 lec—

276 2338 386 2365 torem
414 2333 592 2375 praefatur
617 2331 696 2376 'qui
722 2334 887 2376 grauibus
907 2335 1068 2375 negociis
1090 2334 1275 2373 distentus,
1302 2344 1382 2366 cum
1411 2333 1492 2366 uiris
1516 2331 1697 2365 doctrinae

276 2392 395 2424 studio
423 2393 554 2426 deditis
580 2393 753 2435 prodesse
779 2403 968 2436 aggressus
996 2399 1103 2437 esset,
1128 2393 1329 2436 importuna
1355 2397 1467 2425 morte
1489 2393 1696 2435 praereptus

275 2461 348 2482 non
373 2462 486 2493 pauca
512 2463 531 2483 a
558 2462 596 2483 se
616 2451 781 2484 inchoata
806 2452 975 2495 perficere
998 2462 1069 2485 non
1098 2453 1224 2495 potuit.
1258 2452 1294 2485 in
1313 2452 1442 2495 quibus
1460 2450 1550 2484 hanc
1564 2449 1696 2483 Laertii

276 2510 544 2542 translationem
578 2510 721 2552 triginta
756 2510 887 2543 abhinc
918 2511 1017 2544 annis
1045 2521 1159 2555 eoque
1185 2510 1336 2554 amplius
1363 2510 1514 2554 reliquit,
1541 2510 1700 2542 a‘ccurata

276 2572 494 2601 uetustorum
514 2580 689 2603 manuscr.
710 2569 872 2602 codicum
891 2569 1086 2602 collatione
1110 2568 1273 2614 plurimis
1299 2569 1336 2601 in
1362 2567 1453 2601 locis
1479 2567 1699 2600 emendatam

276 2630 309 2659 et
341 2628 458 2660 multis
493 2628 782 2660 adnotationibus
814 2628 1036 2662 illustratam.
1080 2639 1172 2671 quae
1198 2627 1279 2660 licet
1306 2628 1350 2660 ab
1376 2627 1529 2670 ipsomet
1555 2631 1698 2659 auctore

277 2696 437 2728 suprema
463 2698 567 2719 mauu
594 2686 762 2730 perpoliri
790 2698 829 2720 ac
854 2686 971 2720 limari
997 2687 1232 2730 nequiuerint,
1260 2686 1374 2719 uisum
1401 2691 1455 2719 est
1482 2691 1596 2719 tamen
1623 2686 1697 2718 sore

276 2750 526 2787 opportunum,
552 2746 581 2778 si
608 2757 652 2778 eo
679 2746 787 2779 modo
814 2757 886 2789 quo
913 2745 998 2779 olim
1024 2746 1148 2778 relicta
1172 2745 1313 2778 suerunt
1341 2756 1413 2778 non
1439 2746 1576 2786 integra
1603 2745 1696 2786 (narn

276 2804 312 2836 in
339 2804 513 2837 decimum
539 2806 681 2848 quidem
708 2806 837 2839 librum
863 2805 962 2839 nulla
987 2810 1123 2848 reperta
1149 2805 1286 2838 scholia
1314 2806 1410 2846 sunt)
1437 2804 1654 2837 ederentur'
