1842 3250
622 234 830 266 EPICVRI
856 233 1043 265 ETHICA
1468 232 1538 266 289

126 350 206 383 bus.
248 360 320 392 quo
346 359 459 392 usque
486 347 607 380 ludis?
651 358 730 380 nam
757 349 862 380 ctiam
887 347 995 380 Philo
1022 350 1145 380 noster
1170 347 1260 379 ferre
1291 357 1363 379 non
1388 351 1539 390 poterat,

127 413 306 457 aspernari
344 413 541 456 Epicureos
580 413 701 444 mollis
737 418 772 444 et
808 412 980 445 delicatas
1013 412 1233 456 uoluptates:
1278 421 1412 444 summa
1447 411 1538 443 enim

126 478 295 510 memoria
328 477 581 520 pronuntiabat
612 476 783 520 plurimas
808 477 955 520 Epicuri
985 477 1179 510 sententias
1206 475 1262 509 his
1291 476 1379 519 ipsis
1405 476 1539 514 uerbis,

127 542 257 584 quibus
284 546 382 574 erant
409 541 560 585 scriptae
571 541 591 574 '.

29 625 96 659 441
247 621 387 657 CICERO
407 624 452 656 de
470 623 600 655 finibus
619 631 659 656 1v
686 623 738 662 12,
754 622 798 657 29
825 623 941 666 ‘quod
969 623 1055 655 dicit
1074 622 1250 666 Epicurus
1277 622 1381 655 etiam
1408 621 1451 654 de
1479 632 1540 654 uo·

85 699 101 722 (ι
128 686 276 730 luptate,
302 697 392 729 quae
417 687 582 719 minimae
609 687 678 719 sint
704 687 919 730 uoluptates,
947 698 1006 718 cas
1025 686 1208 719 obscurari
1228 696 1335 729 saepe
1355 691 1388 718 et
1406 684 1539 719 obrui'.

127 750 308 785 GALENVS
341 751 482 794 scripsit
513 750 607 794 Περὶ
633 752 701 793 τῆς
728 751 810 784 κατ’
839 749 1058 794 Ἐπίκουρον
1085 750 1294 793 ἀμαυροῦ
1321 750 1494 793 ἡδονῆς
1517 740 1539 793 Β

126 814 186 860 (de
210 815 313 848 libris
341 815 414 848 suis
442 827 470 849 c.
494 815 535 849 17
566 822 588 848 t.
607 822 679 848 xlx
706 827 740 859 p.
760 815 806 849 48
823 814 900 859 K).

28 902 98 935 442
240 894 417 947 ἄμεινόν
449 896 569 938 ἐστιν
601 895 827 947 ὑπομεῖναι
865 896 1019 948 τούςδε
1057 896 1178 947 τινὰς
1214 896 1319 947 τοὺς
1358 895 1540 947 πόνους,

71 986 102 1010 10
127 967 245 1020 ὅπως
277 968 481 1020 ἡσθῶμεν
511 969 675 1020 ἡδονὰς
706 969 888 1020 μείζους.

238 1042 453 1094 συμφέρει
487 1042 626 1084 τῶνδέ
665 1055 795 1084 τινων
839 1041 1077 1093 ἀπέχεσθαι
1116 1043 1205 1084 τῶν
1241 1041 1427 1093 ἡδονῶν,
1467 1041 1539 1084 ἵνα

126 1114 181 1166 μὴ
213 1114 412 1166 ἀλγῶμεν
444 1113 692 1165 ἀλγηδόνας
724 1115 1046 1166 χαλεπωτέρας.

125 1188 365 1221 ΑΒΙεΤΟΟΜςε
398 1188 550 1220 Eusebii
576 1198 696 1231 praep.
725 1198 849 1228 euaug.
878 1195 946 1220 XIV
973 1188 1030 1227 21,
1049 1187 1069 1221 3
1098 1198 1131 1231 p.
1152 1187 1240 1221 769·
1277 1187 1387 1222 αὐτοί
1412 1187 1454 1229 γέ
1481 1197 1540 1222 τοι

126 1251 279 1296 (οἱπερὶ
298 1251 366 1286 τὸν
385 1250 620 1295 Ἐπίκουρον)
648 1252 764 1294 φασὶν
790 1251 844 1285 οὺ
871 1253 1021 1285 πᾶσαν
1048 1251 1224 1293 ἡδονὴν
1253 1251 1539 1287 ἀσπάζεσθαι

72 1327 102 1352 ιτ.
128 1317 200 1350 καὶ
225 1315 376 1350 πάντα
403 1317 548 1351 πόνον
575 1316 890 1359 ἐκτρέπεσθαι.
917 1319 1035 1350 τοῦτο
1062 1316 1102 1350 δὲ
1128 1316 1338 1360 συμβέβηκε
1362 1317 1423 1351 καὶ
1441 1318 1540 1358 μάλα

127 1379 293 1421 εἰκότως.
346 1381 394 1414 τὰ
421 1381 489 1423 μὲν
517 1381 589 1425 γὰρ
616 1381 787 1424 κριτήρια
818 1382 879 1415 καὶ
913 1381 1029 1415 ἑαυτὰ
1056 1380 1220 1416 δείκνυσι
1254 1382 1315 1416 καὶ
1341 1382 1389 1416 τὰ
1417 1382 1539 1426 κρινό-

126 1454 229 1488 μενα,
256 1444 301 1478 τὸ
326 1444 454 1487 μέντοι
479 1445 600 1486 πάθος
625 1446 739 1480 ἑαυτὸ
765 1445 892 1487 μόνον.
926 1446 984 1480 ὅτι
1010 1446 1042 1480 δ’
1062 1447 1186 1488 οὕτως
1212 1447 1298 1489 ε’χει,
1329 1450 1540 1491 μαρτῃροῦ-

127 1518 185 1544 σιν
220 1508 340 1544 αὐτοί.
392 1508 453 1544 καί
478 1520 549 1553 περ
575 1510 648 1553 γὰρ
684 1510 875 1551 ἀξιοῦντες
908 1510 1060 1545 ἅπασαν
1092 1511 1237 1553 ἡδονὴν
1269 1511 1413 1552 ἀγαθὸν
1445 1513 1540 1546 εἶναι

126 1575 187 1608 καὶ
216 1576 343 1608 πᾶσαν
370 1574 562 1617 ἀλγηδόνα
592 1575 719 1611 κακόν.
760 1575 862 1617 ὅμως
893 1575 978 1609 οὐκ
1011 1574 1080 1610 ἀεί
1108 1584 1202 1618 φασι
1230 1576 1325 1610 δεῖν
1351 1576 1433 1618 τὴν
1460 1577 1538 1621 μὲν

68 1651 101 1677 20
126 1639 375 1683 αἱρεῖσθαι,
408 1639 489 1682 τὴν
517 1639 565 1673 δὲ
590 1639 799 1682 φεύγειν,
828 1641 1096 1682 μετρεῖσθαι
1121 1639 1206 1682 γὰρ
1231 1639 1345 1674 αὐτὰ
1371 1643 1432 1684 τῷ
1459 1649 1539 1674 πο-

127 1706 189 1748 σῷ
216 1704 276 1738 καὶ
303 1704 349 1738 οὐ
372 1706 428 1747 τῷ
455 1706 564 1747 ποιῷ.
616 1704 732 1745 δῆλον
759 1703 829 1737 οὖν
857 1703 907 1744 ὡς
932 1703 976 1737 τό
1003 1714 1046 1745 γε
1072 1703 1196 1738 ποσὸν
1222 1704 1336 1738 οὐδὲν
1363 1704 1441 1739 ἄλλ’
1469 1705 1490 1747 ἢ
1518 1705 1539 1738 ὁ

124 1768 236 1810 λόγος
261 1767 396 1812 κρίνει·
420 1768 465 1802 τὸ
491 1768 563 1811 γὰρ
588 1767 798 1809 “ἄμεινον
911 1767 1111 1810 μείζους’
1138 1769 1269 1803 καὶτὸ
1294 1768 1540 1814 *συμφέρει

125 1857 133 1867 .
154 1858 161 1866 .
181 1858 189 1866 .
217 1832 556 1876 χαλεπωτέρας’
583 1833 644 1866 καὶ
669 1831 794 1866 πάντα
817 1833 864 1866 τὰ
888 1835 1048 1867 τοιαῦτα
1073 1833 1187 1875 λόγος
1211 1834 1232 1867 ὁ
1261 1832 1400 1876 κρίνων
1425 1833 1539 1868 ἐστίν.

126 1895 277 1930 SENECA
308 1899 354 1930 ad
383 1897 553 1930 Serenum
585 1897 629 1929 de
662 1897 736 1929 otio
770 1908 798 1930 c.
820 1897 853 1936 7,
873 1898 894 1930 3
934 1897 1002 1929 ‘ita
1040 1903 1073 1929 et
1108 1898 1196 1930 haec
1231 1899 1309 1941 ipsa
1340 1899 1541 1941 uoluptaria

69 1972 101 1999 25
129 1966 226 1994 secta
250 1961 287 1994 in
312 1966 391 1995 actu
420 1967 484 1996 est.
510 1961 655 2005 quidni?
683 1972 761 1994 cum
786 1962 864 2005 ipse
891 1962 983 1994 dicat
1001 1962 1177 2006 Epicurus
1205 1962 1398 2005 aliquando
1425 1974 1462 1995 sc
1490 1973 1540 1994 re·

126 2036 305 2058 cessurum
332 2038 352 2059 a
378 2026 575 2070 uoluptate,
614 2026 776 2058 dolorem
805 2008 909 2058 ἔῑίαιῃ
936 2026 1186 2069 adpetiturum‚
1223 2027 1253 2059 si
1280 2035 1338 2059 aut
1364 2027 1539 2070 uoluptati

127 2091 314 2124 inminebit
338 2091 556 2135 paenitentia
582 2097 641 2123 aut
667 2091 772 2124 dolor
798 2091 913 2123 minor
938 2102 1002 2135 pro
1030 2091 1194 2132 grauiore
1221 2092 1403 2124 sumetur'.

22 2176 115 2211 443*
220 2171 430 2223 *Maxmvs
456 2171 601 2206 'l’vmvs
633 2172 718 2206 diss.
746 2180 792 2205 111
819 2173 840 2206 3
867 2183 901 2215 p.
922 2171 968 2205 32
996 2173 1124 2206 Reisk.
1163 2173 1312 2214 φαῦλόν
1348 2183 1384 2206 τι
1416 2174 1540 2215 χρῆμα

126 2235 269 2279 ἡδονή;
297 2236 367 2271 οὐκ
393 2236 440 2270 ἂν
465 2236 512 2278 ἦν
539 2237 733 2280 ξύμφυτον
759 2237 849 2270 οὐδὲ
875 2239 953 2270 τῶν
977 2236 1183 2280 σῳζόντων
1202 2237 1300 2279 ἡμᾶς
1317 2236 1362 2270 τὸ
1380 2236 1538 2278 ποεσβύ·

248 2414 271 2447 6
297 2414 422 2447 credas
449 2424 491 2446 ex
517 2412 596 2457 ipso
624 2414 780 2458 Epicuro
814 2414 927 2456 repeti
958 2414 1056 2455 quod
1090 2417 1211 2445 contra
1245 2424 1324 2446 eum
1349 2414 1497 2446 uertitur
1523 2425 1542 2446 a

128 2472 322 2505 Plutarcho
349 2479 470 2506 contra
495 2474 562 2516 Ep.
590 2473 713 2507 beatit.
743 2474 784 2506 17
812 2483 846 2515 p.
871 2470 979 2505 1099ιι
1014 2471 1092 2506 ἀλλ’
1119 2473 1243 2515 ὥςπερ
1276 2473 1393 2515 φησὶν
1419 2472 1540 2506 Ἰππο-

129 2531 269 2575 κράτης
292 2525 431 2576 [aph'or.
459 2533 492 2571 2,
510 2531 584 2577 46],
621 2532 728 2566 δυοῖν
756 2531 886 2565 πόνων
913 2530 980 2564 τὸν
1005 2531 1149 2573 ἥττονα
1175 2530 1250 2564 ὑπὸ
1276 2533 1344 2564 τοῦ
1370 2529 1540 2572 μείζονος

129 2590 391 2634 ἀμαυροῦσθαι
437 2590 453 2635 ΙΙ
504 2591 621 2624 9-12
647 2591 726 2634 ipsa
750 2591 861 2623 uerba
886 2591 1077 2633 Epicurine
1103 2590 1172 2622 sint
1200 2590 1361 2622 concedo
1389 2590 1541 2622 dubitari

128 2661 236 2694 posse
271 2649 277 2692 Ι
319 2651 359 2683 10
385 2650 589 2694 ἡσθείημεν
616 2651 725 2682 fertur
759 2650 764 2693 1
805 2651 846 2682 14
874 2650 917 2683 es.
936 2651 989 2691 Ep
1022 2659 1065 2691 ep
1097 2657 1139 2682 ΠΙ
1163 2649 1229 2682 129
1247 2661 1281 2692 p.
1299 2649 1393 2687 63‚6
1414 2650 1453 2682 fr.
1470 2650 1539 2683 397

129 2709 264 2752 p.265,
285 2709 337 2742 17.
365 2709 435 2743 439
461 2721 494 2753 p.
513 2709 596 2753 288,
613 2711 633 2742 5
680 2709 686 2753 Ι
737 2710 778 2742 15
806 2710 826 2740 {-
866 2713 869 2716 ’
913 2709 973 2742 καὶ
990 2707 1091 2753 <ου>
1107 2708 1228 2742 πάντα
1269 2709 1284 2749 ΙΙ
1328 2708 1373 2742 29
1399 2708 1540 2751 Ξύμφυ-

131 2765 211 2811 τον]
238 2768 281 2801 cf.
308 2768 375 2812 Ep.
403 2779 458 2811 ep.
481 2775 525 2801 111
557 2768 622 2801 129
648 2778 682 2811 p.
701 2768 760 2807 63,
777 2769 796 2800 5

1229 2831 1272 2866 19
