1842 3250
159 1220 250 1254 377*

165 1893 235 1926 378

166 2184 237 2217 379

266 246 335 279 254
747 245 951 278 EPICVRI
979 245 1194 276 PHYSICA

266 372 336 393 non
363 361 462 392 uiuet
481 358 697 402 Epicurus'⁷,
724 358 929 390 alterutrum
954 358 1053 390 fieret
1078 358 1328 396 necessarium,
1355 362 1468 390 totum
1493 358 1563 391 hoc
1589 358 1676 390 “aut

267 425 370 456 etiam
407 428 465 455 aut
499 421 597 455 non’'
631 423 775 464 negauit
811 433 891 455 esse
927 423 1175 456 necessarium.
1228 433 1297 465 quo
1333 422 1419 465 quid
1456 423 1526 455 dici
1561 423 1675 465 potuit

267 486 471 520 obtusius?’

266 552 362 583 idem
385 551 430 582 de
458 552 530 583 fato
560 551 615 590 10,
641 551 684 584 21
731 550 803 583 ‘hic
831 551 981 594 primum
1007 551 1038 582 si
1064 551 1150 583 mihi
1182 550 1295 584 libeat
1321 551 1491 583 adsentiri
1518 536 1675 593 Epicuro

267 620 301 647 et
327 626 457 657 negare
488 625 627 648 onmem
662 614 939 647 enuntiationem
977 620 1036 646 aut
1070 625 1188 647 ueram
1222 625 1302 646 esse
1334 620 1393 646 aut
1426 614 1561 653 falsam,
1600 625 1676 647 eam
1701 620 1717 645 5

265 679 404 721 plagam
424 680 544 722 potius
569 680 738 722 accipiam
763 690 867 722 quam
893 680 965 711 fato
993 680 1111 711 omnia
1135 680 1211 711 fieri
1237 680 1475 722 conprobem;
1504 679 1567 710 illa
1584 680 1677 711 enim

265 743 443 774 sententia
474 741 582 774 habet
615 742 750 784 aliquid
788 742 1051 785 disputationiS,
1089 742 1178 774 haee
1209 753 1294 774 uero
1322 754 1394 774 non
1427 748 1479 774 est
1511 743 1679 776 tolerabi-

265 806 321 839 lis.
357 807 477 848 itaque
503 807 688 839 contendit
715 807 830 838 omnis
858 817 986 839 neruos
1014 806 1245 850 Chrysippus,
1271 813 1310 839 ut
1336 808 1547 850 persuadeat
1573 818 1677 840 omne

264 870 406 913 ἀξίωμα
432 877 491 902 aut
516 881 638 903 uerum
664 881 743 904 esse
770 876 828 903 aut
856 871 983 903 falsum
1012 896 1020 904 .
1040 896 1047 904 .
1069 897 1075 903 .
1102 871 1276 914 Epicurus
1302 877 1454 910 ueretur,
1481 882 1526 904 ne
1553 872 1583 904 si
1609 871 1678 904 hoc

264 936 492 973 concesserit,
518 936 787 968 concedendum
814 936 860 967 sit
886 936 958 967 sato
985 935 1062 967 fieri
1092 946 1183 978 quac
1209 946 1357 978 cumque
1385 936 1484 969 fiant:
1525 936 1556 968 si
1585 936 1678 969 enim
1707 942 1735 964 ¹0

265 1000 411 1033 alterum
437 1004 553 1032 utrum
580 1010 623 1032 ex
650 1001 856 1032 aeternitate
884 1011 1006 1032 uerum
1035 1000 1089 1038 sit,
1118 1011 1197 1032 esse
1223 1001 1260 1032 id
1288 1001 1392 1033 etiam
1420 1006 1565 1039 certum,
1594 1005 1628 1032 et
1649 1001 1678 1032 si

265 1070 408 1102 cenum,
436 1065 541 1096 etiam
569 1065 826 1098 necessarium:
866 1065 915 1097 ita
943 1070 977 1097 et
1004 1065 1254 1097 necessitatem
1281 1070 1315 1098 et
1342 1065 1450 1097 fatum
1481 1065 1679 1098 confirmari

264 1128 392 1172 putat'.
435 1129 480 1161 cs.
506 1129 555 1162 ib.
581 1129 615 1168 9,
645 1129 698 1163 19.

383 1218 604 1254 Sfflt’mclvs
639 1220 682 1252 ad
715 1220 828 1253 Arist.
861 1220 962 1263 phys.
996 1219 1022 1254 Β
1055 1219 1077 1253 8
1116 1218 1166 1264 [ρ.
1189 1219 1274 1253 1981)
1294 1220 1340 1254 29
1378 1219 1476 1254 ὅπου
1510 1221 1577 1262 μὲν
1610 1219 1678 1254 οὖν

264 1285 413 1318 ἅπαντα
441 1284 578 1327 συνέβη
606 1284 730 1328 ὥςπερ
757 1285 826 1318 κᾶν
853 1284 885 1319 εἰ
911 1284 1021 1319 ἕνεκά
1046 1295 1114 1318 του
1142 1283 1300 1327 ἐγίνετο,
1327 1288 1448 1318 ταῦτα
1467 1285 1533 1326 μὲν
1552 1284 1677 1327 ἐσώθη
1705 1292 1736 1317 15

263 1348 338 1382 ἀπὸ
366 1352 436 1383 τοῦ
463 1348 680 1390 αὐτομάτου
708 1349 902 1383 συστάντα
929 1348 1170 1391 ἐπιτηδείως·
1197 1349 1267 1383 ὅσα
1287 1349 1396 1391 δὲμὴ
1416 1349 1549 1390 οὕτως,
1574 1348 1677 1382 ἀπώ-

263 1415 350 1448 λετο
378 1414 437 1447 καὶ
464 1413 683 1455 ἀπόλλυται,
709 1413 806 1447 καθά
833 1423 904 1456 περ
931 1412 1181 1456 Ἐμπεδοκλῆς
1208 1413 1306 1454 λέγει
1333 1413 1381 1447 τὰ
1407 1413 1586 1455 “βουγενῆ
1615 1411 1677 1446 ἀν-

264 1476 499 1522 δρόπρωραἼ
528 1478 550 1510 f.
569 1477 633 1511 84⁰
660 1477 748 1509 Ald.
777 1488 811 1520 p.
834 1477 916 1515 372,
936 1478 957 1511 9
983 1477 1098 1509 Diels.
1124 1477 1267 1520 ταύτης
1294 1477 1448 1511 δοκοῦσι
1474 1480 1541 1519 τῆς
1569 1477 1678 1520 δόξης

264 1545 343 1576 τῶν
378 1543 445 1583 μὲν
479 1540 646 1585 ἀρχαίων
681 1543 855 1584 φυσικῶν
890 1541 974 1576 ὅσοι
1008 1542 1078 1583 τὴν
1114 1542 1273 1584 ὑλικήν
1312 1541 1518 1585 ἀνάγκην
1554 1541 1676 1576 αἰτίαν
1719 1561 1723 1566 ‹

266 1607 360 1641 εἶναι
386 1608 464 1640 τῶν
489 1606 700 1648 γινομένων
729 1605 834 1648 φασί,
861 1609 940 1640 τῶν
965 1606 1005 1640 δὲ
1033 1606 1202 1649 ὑστέρων
1229 1605 1265 1640 οἱ
1291 1605 1544 1649 Ἐπικούρειοι.
1588 1607 1610 1649 ἡ
1638 1607 1677 1640 δὲ
1703 1613 1736 1637 20

264 1672 389 1715 πλάνη
421 1671 578 1713 γέγονεν
610 1671 750 1713 αὐτοῖς,
790 1671 842 1711 ὥς
873 1678 991 1714 φησιν
1018 1669 1268 1713 Ἀλέξανδρος,
1309 1670 1384 1704 ἀπὸ
1410 1673 1479 1705 τοῦ
1506 1671 1677 1713 ἡγεῖσθαι

264 1736 388 1770 πάντα
419 1735 467 1769 τὰ
498 1736 610 1770 ἕνεκά
642 1746 712 1770 του
741 1736 920 1778 γινόμενα
951 1735 1048 1769 κατὰ
1083 1735 1302 1778 προαίρεσιν
1336 1734 1503 1777 γίνεσθαι
1530 1737 1590 1770 καὶ
1616 1737 1677 1771 λο-

265 1800 412 1842 γισμόν,
438 1800 485 1834 τὰ
511 1800 552 1835 δὲ
578 1800 693 1843 φύσει
719 1801 769 1843 μὴ
797 1801 920 1841 οὕτως
946 1800 1040 1843 ὁρᾶν
1067 1800 1258 1842 γινόμενα.

384 1890 639 1925 PLv'rAchvs
668 1892 712 1924 de
739 1891 937 1925 Stoicorum
965 1901 1112 1935 repugn.
1141 1892 1186 1925 34
1213 1903 1247 1934 p.
1270 1892 1378 1926 1050e
1415 1890 1476 1926 καί
1493 1902 1552 1926 τοι
1570 1892 1591 1926 ὁ
1611 1892 1676 1934 μὲν

264 1955 480 2000 Ἐπίκουρος
511 1956 615 1999 ἁμῶς
642 1956 686 1998 γέ
710 1967 792 1998 πως
821 1956 1025 2000 στρέφεται
1052 1957 1111 1990 καὶ
1138 1958 1353 1999 φιλοτεχνεῖ
1378 1958 1446 1999 τῆς
1477 1955 1598 1990 ἀιδίου
1625 1966 1676 1990 κι-
1700 1969 1734 1994 25

263 2020 410 2063 νήσεως
435 2020 706 2065 μηχανώμενος
732 2021 983 2064 ἐλευθερῶσαι
1010 2022 1070 2055 καὶ
1096 2021 1284 2056 ἀπολῦσαι
1310 2021 1355 2055 τὸ
1382 2021 1555 2055 ἑκούσιον
1581 2021 1677 2064 ὑπὲρ

262 2088 332 2120 τοῦ
358 2086 407 2129 μὴ
435 2088 653 2120 καταλιπεῖν
679 2084 912 2129 ἀνέγκλητον
938 2086 1010 2128 τὴν
1036 2085 1179 2120 κακίαν.

383 2177 526 2212 CICERO
554 2178 597 2211 de
625 2179 697 2211 sato
723 2178 777 2218 10,
794 2179 841 2212 22
866 2178 1059 2222 ‘Epicurus
1086 2178 1327 2211 declinatione
1355 2178 1461 2210 atomi
1487 2178 1590 2210 uitari
1617 2187 1677 2209 ne-

264 2244 464 2276 cessitatem
492 2244 555 2275 sati
582 2248 682 2286 putat
709 2268 718 2276 .
737 2269 745 2278 .
766 2269 773 2278 .
794 2268 802 2277 .
839 2242 919 2288 (23)
945 2243 1036 2276 hanc
1062 2244 1239 2287 Epicurus
1266 2243 1438 2275 rationem
1463 2242 1602 2274 induxit
1627 2241 1676 2272 ob

265 2317 341 2340 eam
365 2319 450 2347 rem,
486 2307 583 2351 quod
608 2308 742 2340 ueritus
768 2314 823 2341 est
848 2318 904 2347 ne,
942 2308 973 2340 si
1000 2319 1138 2351 semper
1164 2312 1301 2340 atomus
1328 2308 1500 2349 grauitate
1527 2307 1677 2339 serretur
1701 2313 1733 2338 30

387 2479 431 2512 16
449 2490 501 2523 sq.
529 2480 571 2513 cs.
598 2480 784 2513 Lucretius
810 2487 835 2511 v
859 2479 930 2513 837
950 2490 1025 2523 sqq.
1081 2480 1087 2521 Ι
1145 2479 1186 2512 19
1211 2477 1380 2521 ἀνάγκην
1408 2478 1453 2511 cs.
1479 2478 1545 2521 Ep.
1573 2486 1677 2519 supra

263 2547 298 2580 p.
312 2537 370 2576 65,
385 2537 406 2571 9
433 2548 471 2572 π.
491 2538 580 2581 φύσ.
607 2538 630 2571 1.
650 2539 717 2573 inc.
745 2548 800 2581 ap.
819 2538 1067 2581 Gomperzium
1092 2538 1237 2570 Wiener
1263 2538 1410 2570 studim
1436 2544 1450 2569 Ι
1476 2547 1510 2579 p.
1527 2535 1613 2569 301.
1630 2534 1676 2569 84

263 2599 325 2638 τῆι
350 2599 420 2630 τοῦ
445 2596 688 2640 περιέχοντος
718 2597 778 2631 καί
805 2596 1038 2638 ἐπεισιόντος
1065 2596 1161 2630 κατὰ
1186 2596 1231 2630 τὸ
1259 2595 1477 2637 αὐτόματον
1503 2593 1674 2635 ἀνάγκηι,

264 2656 308 2688 79
334 2654 382 2688 τὰ
409 2655 449 2689 ἐκ
476 2658 545 2689 τοῦ
572 2653 882 2699 [π]εριέχον[τ]ος
914 2654 1028 2700 κ[α]τ’
1056 2653 1259 2699 ἀνάγκ[η]ν
1289 2653 1348 2688 διὰ
1378 2653 1468 2693 τοὺς
1500 2650 1675 2696 πό[ρους]

264 2712 494 2758 εἰσρέο[ντ]α
546 2713 562 2758 ΙΙ
613 2714 659 2747 25
685 2714 729 2748 cf.
755 2714 797 2747 fr.
816 2714 886 2747 379
913 2724 991 2746 cum
1019 2715 1100 2747 adn.
1126 2715 1170 2746 ad
1197 2724 1231 2757 p.
1251 2713 1335 2751 255,
1352 2714 1373 2746 4
1415 2712 1431 2756 ΙΙ
1473 2711 1519 2745 28
1544 2711 1590 2742 de
1616 2710 1674 2742 de—

264 2772 460 2805 clinatione
486 2773 529 2806 cs.
550 2773 589 2806 sr.
609 2773 673 2806 281
724 2773 730 2816 1
777 2773 821 2807 29
849 2773 894 2807 cs.
920 2775 1021 2807 Lucr.
1049 2781 1074 2806 u
1103 2773 1168 2807 251
1189 2784 1264 2815 sqq.
