1842 3250
608 225 815 258 EPICVRI
845 227 1122 259 EPISTVLAE
1502 227 1570 261 137

158 339 309 382 ήγορος,
350 339 390 373 ἐν
424 338 480 380 οἷς
513 340 654 381 ἐκεῖνος
686 340 923 381 ἐσεμνύνετο.
967 343 1061 384 φησι
1090 345 1184 383 γοῦν
1215 341 1255 376 ἐν
1287 345 1333 385 τῇ
1362 342 1455 384 πρὸς
1481 342 1571 383 τοὺς

159 404 198 438 ἑν
225 403 422 447 Μυτιλήνῃ
449 405 687 447 φιλοσόφους
714 405 894 449 ἐπιστολῇ
922 407 1046 448 οἶμαι
1076 435 1081 440 .
1103 434 1108 440 .
1133 435 1139 440 .
1162 434 1168 440 .
1196 406 1474 449 ἀκούσαντα,
1500 409 1570 440 νῦν

157 468 392 511 πλεύμονα
425 470 550 503 καλῶν
576 469 643 503 τὸν
672 469 974 513 Ναυσιφάνην
1002 471 1052 512 ώς
1079 470 1321 514 ἀναίσθητον.
1372 472 1431 505 καὶ
1458 471 1570 506 πάλιν

157 533 300 577 προβὰς
326 533 447 568 πολλά
465 544 506 568 τε
524 534 715 568 κατειπὼν
741 534 902 577 τάνδρὸς
931 535 1156 578 ὑπεμφαίνει
1183 537 1254 578 τὴν
1282 536 1321 570 ἐν
1348 539 1426 577 τοῖς
1452 536 1570 579 μαθή-

118 607 134 631 5
159 607 269 640 μασιν
295 598 415 632 αὐτοῦ
442 598 641 641 προκοπὴν
668 598 790 639 λέγων
817 600 890 633 καὶ
916 599 1002 642 γὰρ
1033 626 1039 633 .
1061 627 1067 633 .
1089 628 1095 634 .
1117 627 1122 633 .
1151 600 1318 643 ἐλθεῖν,
1358 599 1569 643 αἰνισσόμε-

157 672 223 703 νος
247 662 295 696 τὰ
323 661 534 705 μαθήματα.

387 900 701 940 EPISTVLAE
733 901 808 939 AD
841 902 1116 941 SINGVLOS
1149 903 1342 941 DATAE

637 1024 657 1057 7
699 1023 827 1059 ΠΡΟΣ
852 1024 1093 1069 ΑΘΗΝΑΙΟΝΙ

63 1102 130 1137 115
275 1104 468 1140 VOLVMEN
495 1104 722 1140 HEROVLAN.
751 1106 819 1139 176
846 1117 874 1140 c.
897 1106 940 1139 17
967 1107 1023 1139 ed.
1051 1107 1286 1150 Gomperzius
1311 1108 1468 1140 Hermae
1494 1112 1518 1139 t.
1538 1112 1565 1140 v

100 1182 133 1207 10
154 1181 189 1214 p.
204 1169 274 1203 387
301 1168 500 1213 Ἀθηναίωι
531 1169 588 1204 δέ·

209 1234 461 1277 Πολυαίνου
492 1234 849 1286 παραγεγονότος
880 1235 990 1286 πρὸς
1019 1234 1132 1286 ἡμᾶς
1160 1235 1216 1277 σὺ
1248 1235 1325 1278 τὸν
1355 1234 1565 1288 ποτέρ[α]

153 1305 284 1362 (τὸν)
315 1306 547 1358 ὁμώνυμον
578 1306 656 1348 οὐκ
688 1306 853 1358 ἐφίλεις
883 1307 1017 1357 μόνον
1049 1307 1160 1349 ἀλλὰ
1193 1319 1217 1340 ÷÷
1249 1320 1293 1350 ff.

613 1412 635 1445 8
677 1411 803 1446 ΠΡΟΣ
830 1411 1107 1446 ΑΝΑΞΑΡΧΟΝ

63 1508 130 1541 116
269 1495 355 1544 ἐγὼ
394 1493 431 1536 δ’
464 1494 534 1546 ἐφ’
564 1493 729 1545 ἡδονὰς
766 1496 965 1545 συνεχεῖς
1003 1496 1243 1545 παρακαλῶ
1284 1494 1354 1536 καὶ
1389 1495 1468 1537 οὐκ
1500 1495 1566 1537 ἐπ’

100 1585 130 1610 15
155 1567 314 1619 ἀρετὰς
351 1567 481 1618 κενὰς
517 1567 587 1608 καὶ
623 1567 804 1619 ματαίας
843 1567 911 1608 καὶ
946 1566 1214 1618 ταραχώδεις
1252 1567 1444 1619 ἐχούσας
1480 1570 1569 1611 τῶν

153 1641 331 1691 καρπῶν
361 1641 440 1691 τὰς
471 1640 659 1691 ἐλπίδας.

155 1712 416 1747 PLVTAchvs
449 1714 528 1747 adu.
557 1714 677 1747 Colot.
708 1714 750 1745 17
777 1725 810 1756 p.
833 1714 944 1746 11172
995 1715 1218 1755 καθυμνεῖτε
1244 1713 1312 1747 τὸν
1341 1714 1401 1748 ἐπὶ
1428 1714 1568 1757 ἡδονὰς

154 1780 449 1822 παρακαλοῦντα
488 1781 656 1820 συνεχεῖς
689 1779 750 1812 καὶ
785 1778 945 1820 πυκνάς,
986 1778 1026 1819 ὃς
1061 1779 1100 1812 ὲν
1133 1781 1181 1822 τῇ
1216 1778 1309 1821 πρὸς
1341 1778 1568 1822 Ἀνάξαρχον

155 1843 336 1888 ἐπιστολῇ
360 1843 469 1878 ταυτὶ
494 1843 702 1886 γέγραφεν·
743 1843 848 1885 Ἐγὼ
877 1870 883 1877 .
904 1870 911 1877 .
934 1871 940 1877 .
960 1870 967 1877 .
997 1842 1193 1884 ἐλπίδας.

98 1957 132 1982 20
643 1942 665 1975 9
707 1941 835 1976 ΠΡΟΣ
860 1940 1077 1975 ΑΠΕΛΛΗΝ

62 2029 129 2064 117
267 2021 484 2073 μακαρίζω
511 2031 576 2071 σε,
608 2020 643 2062 ὦ
665 2020 858 2071 Ἀπελλῆ,
892 2020 957 2062 ὅτι
988 2021 1180 2073 καθαρὸς
1202 2020 1348 2072 πάσης
1368 2021 1567 2072 παιδείας

154 2094 222 2136 ἐπὶ
252 2095 523 2146 φιλοσοφίαν
554 2094 774 2146 ὥρμησας.

157 2167 390 2201 A'rnssmnvs
425 2176 499 2201 xm
524 2180 558 2212 p.
578 2169 665 2202 588²
715 2168 977 2211 μνησθήσομαι
1010 2172 1080 2203 τοο
1113 2167 1442 2211 φιλαληθεστάτου
1472 2167 1566 2200 Ἐπι-

154 2232 306 2276 κούρου,
347 2232 445 2273 ὅςτις
471 2231 668 2274 ἐγκυκλίου
696 2233 863 2274 παιδείας
892 2233 1060 2276 ἀμύητος
1086 2234 1140 2267 ὢν
1168 2232 1365 2276 ἐμακάριζε
1392 2231 1451 2265 καὶ
1479 2231 1568 2271 τοὺς

98 2307 130 2333 ‘25
153 2295 294 2339 ὁμοίως
319 2297 424 2340 αὐτῷ
443 2297 504 2331 ἐπὶ
521 2296 753 2340 φιλοσοφίαν
782 2298 1100 2340 παρερχομένους,
1127 2298 1307 2338 τοιαύτας
1325 2295 1458 2339 φωνὰς
1475 2306 1566 2339 προ·

154 2359 302 2402 ἱέμενος
327 2359 562 2403 μακαρίζω
591 2387 626 2394 ..
648 2387 681 2394 ..
710 2361 935 2403 ὥρμησας.

153 2422 408 2458 anmucnvs
443 2430 565 2457 contra
593 2426 739 2469 Epicuri
772 2425 1030 2458 beatitudinem
1062 2426 1107 2458 12
1133 2437 1167 2468 p.
1190 2424 1300 2459 1094(ι
1350 2425 1566 2467 Ἀπελλῆν

154 2487 195 2522 δέ’
219 2499 304 2523 τινα
328 2489 584 2531 θαυμάζοντες
612 2490 671 2523 καὶ
699 2490 1051 2533 ὑπερασπαζόμενοι
1069 2489 1283 2533 γράφουσιν
1310 2490 1369 2523 ὅτι
1394 2492 1473 2523 τῶν
1501 2500 1566 2532 μα-

146 2553 334 2596 -θημάτων
364 2553 626 2597 ἀποσχόμενος
653 2556 689 2589 ἐξ
716 2555 832 2598 ἀρχῆς
858 2555 1024 2597 καθαρὸν
1052 2555 1188 2589 ἑαυτὸν
1215 2554 1387 2598 ἐτήρησε.

270 2703 314 2736 21
342 2702 373 2736 ὦ
391 2702 564 2747 Ἀπελλῆ]
585 2715 715 2737 nomen
734 2703 927 2736 Plutarcho
948 2705 1082 2737 debeo:
1102 2703 1134 2738 ῶ
1152 2704 1266 2744 οὗτος
1285 2704 1418 2736 Athen.
1443 2701 1449 2746 1
1471 2712 1557 2736 παι-

153 2760 252 2803 δείας
271 2762 642 2804 Schweighaeuserus,
657 2763 955 2796 XVachsmuthius
974 2764 1018 2796 ad
1039 2763 1177 2805 sillogr.
1196 2774 1230 2806 p.
1245 2763 1307 2795 70:
1335 2761 1456 2803 αἰτίας
1474 2761 1559 2794 libri
