1842 3250
653 185 859 220 EPICVRI
883 185 1073 220 ETHICA
1499 183 1567 219 321

155 300 404 336 Ponpnrmvs
430 301 475 334 ad
492 299 703 334 Marcellam
732 310 760 333 c.
780 299 826 333 27
853 298 890 333 οἱ
914 298 987 344 γὰρ
1013 298 1199 344 ἔγγραφοι
1222 298 1332 341 νόμοι
1358 297 1465 342 χάριν
1491 299 1570 332 τῶν

157 365 318 412 μετρίων
344 368 497 408 κεῖνται,
524 364 595 408 οὐχ
619 364 725 405 ὅπως
755 364 805 406 μὴ
833 363 1012 398 ἀδικῶσιν
1038 362 1118 398 ἀλλ’
1144 361 1250 404 ὅπως
1276 362 1327 405 μὴ
1353 361 1567 397 ἀδικῶνται.

61 446 130 481 531
276 446 428 482 SENECA
463 446 567 492 epist.
609 446 668 485 97,
690 447 731 480 15
772 445 865 478 ‘illic
900 445 1153 479 dissentiamus
1188 455 1267 478 curn
1301 445 1471 488 Epicuro,
1509 443 1571 476 ubi

157 513 243 546 dicit
269 512 382 546 nihil
409 512 571 545 iustum
606 520 704 544 esse
738 516 897 543 natura
933 516 976 544 et
1010 510 1199 543 crimina
1238 509 1424 542 uitanda
1459 518 1570 548 esse,

116 583 133 610 5
157 577 262 620 quia
285 577 422 611 uitari
448 582 588 610 metus
613 587 705 621 non·
725 585 875 619 posse:
901 575 960 608 hie
986 574 1261 614 consentiamus,
1294 573 1388 607 mala
1414 574 1572 606 facinora

158 641 377 674 conscientia
414 639 588 681 flagellari
623 644 657 672 et
682 638 873 682 plurimum
911 637 966 670 illi
993 642 1247 671 tormentorum
1284 647 1363 670 esse
1397 646 1442 670 eo
1474 636 1572 681 quod

157 710 328 751 perpetua
361 703 461 737 illam
487 701 697 736 sollicitudo
725 708 826 743 urget
853 711 892 734 ac
919 702 1096 741 uerberat,
1132 701 1229 744 quod
1256 700 1492 745 sponsoribus
1519 711 1571 733 se·

159 769 318 804 curitatis
345 778 431 802 suae
466 779 538 801 non
571 771 689 811 potest
718 767 874 799 credere.
937 766 1006 798 hoc
1047 767 1139 799 enim
1173 767 1290 810 ipsum
1328 771 1570 808 argumentum

158 840 215 869 est
236 834 404 878 Epicure,
446 839 569 866 natura
595 842 661 865 nos
691 843 711 864 a
737 831 872 864 scelere
898 830 1101 869 abhorrere,
1127 831 1226 874 quod
1252 830 1343 863 nulli
1370 841 1440 862 non
1467 831 1569 862 etiam

102 907 136 932 ιο
157 898 250 932 inter
275 904 350 931 tuta
375 897 480 930 timor
505 895 587 930 est‘.

158 961 354 998 llonxmvs
380 967 444 995 sat.
471 968 485 994 1
511 960 631 1000 5,113

341 1026 425 1059 ‘nec
453 1030 576 1058 natura
600 1030 720 1068 potest
746 1025 841 1057 iusto
869 1033 1054 1056 secernere
1080 1024 1253 1067 iniquom,

362 1090 492 1124 diuidit
522 1095 561 1123 ut
586 1090 682 1122 bona
709 1089 875 1127 diuersis,
905 1089 1077 1130 fugienda
1102 1087 1294 1132 petendis‘.

62 1172 134 1207 532
278 1171 535 1206 F‘NTARCHVS
571 1176 694 1204 contra
726 1170 872 1214 Epicuri
906 1169 1163 1203 beatitudinem
1198 1169 1220 1202 6
1244 1180 1278 1212 p.
1301 1168 1408 1202 1090*
1445 1167 1504 1201 ὅτι
1532 1168 1572 1202 δὲ

103 1243 136 1271 115
159 1237 259 1279 ὅλως
284 1237 457 1280 μοχθηρὰ
482 1235 531 1270 τὰ
557 1235 759 1280 πράγματα
785 1235 880 1278 πρὸς
909 1234 989 1277 βίον
1013 1234 1158 1269 ἄλυπόν
1186 1234 1289 1267 ἐστιν
1315 1233 1455 1276 αὐτοῖς,
1487 1232 1573 1266 σκό-

158 1311 221 1336 πει
249 1302 310 1336 καί
341 1300 406 1344 ἀφ’
435 1300 490 1335 ὧν
517 1300 613 1344 πρὸς
639 1300 792 1343 ἑτέρους
818 1299 987 1341 λέγουσι·
1030 1299 1139 1339 τοὺς
1172 1297 1256 1341 γὰρ
1294 1297 1575 1338 ἀδικοῦντας

158 1366 232 1402 καὶ
257 1368 654 1409 παρανομοῦντας
679 1364 848 1406 ἀθλίως
873 1365 968 1407 φασὶ
994 1365 1066 1398 καὶ
1093 1363 1362 1408 περιφόβως
1389 1364 1475 1406 ζῆν.
1494 1362 1574 1397 τὸν

158 1438 309 1474 πάντα
333 1439 520 1483 χρόνον,
553 1438 627 1472 ὅτι
659 1429 739 1472 κᾶν
764 1431 909 1471 λαθεῖν
935 1428 1163 1480 δύνωνται,
1193 1427 1338 1471 πίστιν
1370 1427 1467 1479 περὶ
1495 1428 1574 1468 τοῦ

161 1505 308 1546 λαθεῖν
340 1505 486 1556 λαβεῖν
517 1503 736 1546 ἀδύνατόν
771 1503 909 1545 ἐστιν
941 1501 1043 1544 ὅθεν
1065 1502 1089 1543 ὁ
1110 1500 1260 1554 <περὶ>
1287 1502 1365 1542 τοῦ
1399 1500 1574 1551 μέλλον-

102 1591 138 1617 20
158 1590 236 1629 τος
277 1575 344 1619 ἀει
380 1575 524 1629 φόβος
563 1576 810 1627 ἐγκείμενος
848 1574 927 1617 οὐκ
965 1575 1017 1630 ἐᾷ
1055 1573 1219 1663 χαίρειν
1256 1572 1360 1616 οὐδὲ
1398 1574 1574 1624 θαρρεῖν

160 1648 230 1691 ἐπὶ
260 1651 351 1701 τοῖς
383 1651 586 1701 παροῦσι.

217 1731 356 1775 potest
374 1725 541 1763 nocenti
558 1737 580 1761 ι
584 1724 797 1773 ontiugere
815 1730 859 1761 ut
878 1724 1015 1767 lateat,
1033 1723 1190 1761 latendi
1207 1722 1309 1759 sides
1325 1733 1406 1758 non
1423 1726 1576 1770 potest.

161 1793 313 1830 Senem
348 1796 451 1839 epist.
484 1794 543 1834 97.
564 1795 607 1829 13
646 1795 846 1837 ‘eleganter
877 1794 998 1837 itaque
1037 1793 1081 1826 ab
1120 1793 1275 1835 Epicuro
1307 1793 1438 1825 dictum
1471 1798 1576 1834 puto:

160 1864 315 1904 potest
341 1885 350 1895 .
370 1885 378 1893 .
398 1885 408 1895 .
426 1885 434 1894 .
460 1864 622 1903 potest,
651 1864 710 1892 ant
736 1859 766 1891 si
793 1859 862 1891 hoc
885 1859 994 1890 modo
1014 1858 1140 1890 melius
1161 1858 1254 1889 hunc
1274 1857 1441 1900 explicari
1468 1866 1576 1900 posse

103 1929 139 1958 25
160 1924 299 1958 iudicas
325 1934 485 1957 sensum:
511 1924 615 1956 ideo
641 1934 725 1956 non
751 1924 939 1966 prodest
967 1922 1111 1954 latere
1137 1921 1449 1964 peccantibus,
1476 1921 1577 1964 quia

160 1988 335 2022 latendi
359 1988 536 2022 etiamsi
561 1988 837 2021 felicitatem
855 1988 1033 2025 habent,
1053 1985 1268 2018 fiduciam
1294 1995 1377 2016 non
1396 1984 1480 2016 hab
1493 1988 1576 2015 ent.

161 2053 217 2086 Ita
242 2059 307 2092 est,
336 2058 410 2086 tuta
436 2052 574 2086 scelera
600 2062 678 2086 esse
705 2057 866 2095 possunt,
896 2061 1019 2084 secura
1046 2061 1117 2083 non
1142 2049 1320 2093 possunt'.

162 2117 208 2152 cs.
225 2118 371 2151 Atticus
389 2117 539 2150 Eusebii
566 2127 686 2160 praep.
715 2128 769 2151 eu.
791 2125 845 2150 xv
872 2117 905 2153 5,
924 2116 945 2150 ὃ
972 2127 1005 2158 p.
1020 2114 1109 2149 799⁵
1135 2113 1290 2148 πίστιν
1316 2113 1388 2156 γὰρ
1418 2114 1575 2154 λαβεῖν

160 2181 263 2225 περὶ
295 2183 377 2215 τοῦ
410 2182 566 2215 λαθεῖν
600 2180 856 2215 ἀδικοῦντα
885 2180 955 2213 οὐκ
981 2178 1183 2220 ἀδύνατον,
1211 2178 1258 2211 ἄν
1283 2188 1326 2219 γε
1353 2177 1578 2221 ἀνθρώπους

104 2255 140 2282 ω
162 2245 230 2290 δέῃ
258 2245 474 2280 λανθάνειν·
509 2245 555 2279 οὐ
580 2246 654 2288 μὴν
685 2244 892 2286 ἀναγκαῖον
921 2244 962 2278 ἐκ
993 2242 1137 2284 παντὸς
1161 2244 1290 2276 λαθεῖν
1316 2243 1451 2284 ζητεῖν,
1479 2242 1577 2276 ὅπου

161 2310 205 2351 γέ
231 2320 288 2352 τις
313 2312 392 2344 τῶν
417 2310 709 2353 πεφωρακότων
735 2311 886 2352 κρατεῖν
914 2307 1076 2348 δυνατός
1103 2307 1217 2340 ἐστιν.
1247 2307 1341 2347 ὥςτε
1366 2306 1518 2346 ἕτοιμόν
1542 2317 1578 2340 τι

162 2376 287 2418 χρῆμα
319 2373 415 2418 πρὸς
441 2372 586 2409 ἀδικίαν
613 2374 637 2416 ἡ
663 2374 732 2414 τῆς
756 2369 938 2414 προνοίας
971 2369 1200 2411 ἀπόγνωσις.
1245 2368 1387 2408 ἐκεῖνος
1413 2367 1480 2409 μὲν
1506 2367 1578 2409 γὰρ

164 2437 224 2472 καὶ
256 2437 356 2472 πάνυ
391 2438 555 2481 χρηστός
587 2437 700 2477 ἐστιν,
741 2435 783 2476 ὅς
809 2445 865 2477 τις
895 2434 965 2476 τὴν
1000 2433 1144 2476 ἡδονὴν
1177 2433 1266 2476 ἡμῖν
1298 2431 1499 2476 προτείνας
1529 2432 1579 2472 ὡς

164 2501 307 2544 ἀγαθὸν
334 2502 395 2536 καί
422 2502 492 2545 τὴν
522 2502 562 2535 ἐκ
588 2503 686 2535 θεῶν
714 2500 843 2534 αδειαν
878 2498 1167 2542 παρασχόμενος
1199 2498 1253 2531 ἔτι
1289 2497 1461 2539 μηχανὴν
1486 2493 1580 2540 πρὸς

108 2579 141 2606 35
163 2567 210 2601 τὸ
241 2567 291 2610 μὴ
323 2567 464 2602 ἀδικεῖν
494 2565 661 2611 πορίζειν
699 2564 830 2606 οἴεται,
873 2562 1004 2605 ὅμοιόν
1030 2573 1066 2596 τι
1092 2564 1215 2596 ποιῶν
1251 2561 1368 2604 iaz-pujo
1405 2561 1475 2602 τὴν
1512 2561 1579 2603 μὶν

285 2716 308 2750 4
333 2716 379 2750 cs.
402 2720 491 2749 sent.
511 2721 642 2748 xxxin
663 2725 714 2756 sq.
748 2712 767 2757 Β
804 2713 845 2746 18
870 2712 915 2746 cf.
936 2718 1025 2746 sent.
1044 2720 1160 2747 xxxv
1184 2717 1217 2744 et
1243 2712 1284 2746 st.
1301 2711 1371 2745 582
1396 2721 1474 2743 cum
1499 2711 1579 2744 adn.

1266 2775 1312 2811 21
