1842 3250
627 226 877 259 EPICVRVS
900 227 970 259 DE
996 225 1214 259 ARTIBVS
1560 227 1624 261 171

218 368 226 376 .
246 370 252 376 .
272 369 280 376 .
308 346 543 379 consumeret,
581 342 616 374 in
642 341 772 385 quibus
806 341 906 374 nulla
938 341 1054 375 solida
1087 341 1214 374 utilita.
1255 341 1443 384 omnisque
1479 341 1627 385 puerilis

218 414 272 440 est
296 405 510 439 delectatio?
536 411 595 439 aut
613 416 661 446 se,
692 411 729 438 ut
744 405 863 445 Plato,
888 406 923 438 in
951 405 1097 438 musicis
1120 405 1317 446 geometria
1342 405 1498 439 numeris
1524 405 1629 437 astris

217 477 426 510 contereret,
465 481 556 514 quae
587 476 622 503 et
647 481 667 503 a
696 470 798 504 falsis
829 470 941 503 initiis
971 471 1133 514 prosecta
1165 481 1248 503 uera
1274 480 1353 502 esse
1381 480 1451 502 non
1477 474 1630 513 possunt

219 541 254 569 et
279 537 309 568 si
335 540 454 584 essent
485 545 579 574 uera,
617 534 708 567 nihil
742 534 905 567 afferrent
933 545 1003 577 quo
1036 533 1226 567 iucundius
1260 534 1296 567 id
1322 538 1376 566 est
1402 543 1474 578 quo
1500 532 1629 567 melius

177 606 193 632 5
218 600 440 633 uiueremus?
467 610 526 632 eas
554 609 638 640 ergo
664 603 758 631 artes
783 605 1070 643 persequeretur,
1101 598 1249 631 uiuendi
1267 603 1376 633 artem
1395 601 1526 635 tantam
1544 602 1630 630 tam-

217 675 287 709 que
314 674 501 708 operosam
529 669 563 695 et
590 663 739 706 perinde
766 663 982 696 fructuosam
1009 661 1248 706 relinqueret?
1286 673 1357 695 non
1384 671 1471 703 ergo
1499 661 1630 705 Epicu·

217 739 277 761 rus
303 728 516 765 ineruditus,
541 728 605 760 sed
631 727 658 760 ii
688 727 836 766 indocti,
869 727 929 770 qui
956 737 1046 773 quae
1070 737 1202 771 pueros
1228 736 1301 759 non
1327 724 1500 763 didicisse
1525 730 1630 769 turpe

219 798 283 832 est,
310 802 351 826 ea
375 797 501 836 putant
523 801 636 835 usque
663 791 708 824 ad
735 797 952 825 senectutem
979 801 1058 825 esse
1084 790 1287 826 discenda'.

119 872 208 906 227·
339 871 585 906 LAGTANTWS
610 872 722 905 diuin.
749 872 859 905 instit.
887 879 933 905 111
959 872 1018 911 25,
1037 873 1059 905 4
1085 872 1194 917 ‘quid
1221 878 1275 905 est
1297 872 1395 908 aliud
1423 870 1629 905 hominibus

165 944 195 968 io
220 946 351 979 negare
376 935 596 979 sapientiam,
622 946 727 979 quam
752 935 930 969 mentibus
960 945 1080 968 eorum
1108 945 1230 968 uerum
1254 946 1294 969 ac
1320 935 1481 971 diuinum
1509 935 1630 968 lumen

220 999 379 1034 auferre?
405 1001 503 1044 quod
529 1000 558 1033 si
586 1006 711 1032 natura
735 999 891 1033 hominis
918 1000 1115 1043 sapientiae
1140 1010 1251 1044 capax
1278 1005 1342 1039 est,
1369 1000 1529 1044 oportuit
1554 1001 1632 1043 opi-

219 1065 304 1098 fices
324 1070 358 1098 et
375 1065 529 1099 rusticos
547 1070 580 1098 et
599 1063 769 1098 mulieres
795 1070 831 1097 et
857 1075 982 1098 omues
1008 1065 1165 1108 denique
1191 1065 1252 1108 qui
1277 1064 1465 1100 humanam
1483 1065 1631 1098 sormam

217 1135 345 1173 gerunt
370 1129 494 1164 doceri
519 1134 557 1162 ut
582 1130 721 1174 sapiant
744 1129 989 1174 populumque
1015 1131 1225 1173 sapientum
1251 1140 1294 1162 ex
1320 1130 1417 1166 omni
1446 1130 1571 1172 lingua
1597 1134 1632 1162 et

219 1194 434 1228 condicione
459 1199 495 1227 et
521 1204 608 1228 sexu
634 1200 670 1227 et
693 1199 808 1228 aetate
841 1194 987 1228 conflari
1013 1218 1022 1228 .
1043 1219 1051 1228 .
1070 1219 1104 1229 ..
1137 1194 1190 1238 (7)
1216 1198 1403 1226 senserunt
1436 1194 1506 1226 hoc
1538 1194 1630 1228 adeo

164 1267 195 1293 15
221 1259 346 1298 Stoici,
376 1259 438 1302 qui
469 1264 503 1292 et
529 1259 641 1293 seruis
674 1263 709 1291 et
739 1258 951 1292 mulieribus
984 1257 1315 1303 philosophandum
1343 1269 1422 1292 esse
1449 1259 1630 1298 dixer-unu

219 1325 395 1368 Epicurus
423 1333 578 1368 quoque,
612 1324 674 1368 qui
698 1322 829 1356 rudes
858 1323 1045 1356 omnium
1069 1323 1318 1357 litterarum
1346 1323 1396 1356 ad
1422 1322 1630 1366 philoso-

220 1388 364 1433 phiam
389 1389 553 1421 inuitat
580 1413 588 1422 .
606 1414 615 1423 .
635 1414 644 1422 .
664 1414 672 1423 .
706 1388 760 1432 (8)
787 1388 905 1421 conati
931 1388 1077 1430 quidem
1103 1388 1158 1420 illi
1186 1392 1268 1420 sunt
1294 1387 1422 1426 facere,
1446 1388 1545 1430 quod
1572 1396 1632 1420 ue-

220 1453 305 1487 ritas
340 1453 526 1495 exigebat:
563 1452 628 1486 sed
658 1463 730 1485 non
757 1452 874 1496 potuit
908 1452 1000 1484 ultra
1031 1452 1140 1484 uerba
1169 1451 1329 1495 procedi.
1370 1451 1522 1496 Primum
1549 1451 1632 1494 quia

155 1556 157 1558 ,
220 1517 341 1552 multis
363 1517 498 1563 actibus
516 1526 609 1560 opus
627 1521 680 1551 est
697 1522 735 1549 ut
754 1517 798 1549 ad
817 1516 1086 1560 philosophiam
1104 1517 1219 1560 possit
1238 1516 1358 1553 accedi
1378 1543 1385 1550 .
1402 1542 1409 1551 .
1426 1541 1434 1550 .
1450 1542 1458 1550 .
1485 1515 1564 1559 (12)
1583 1516 1632 1548 ob

161 1593 196 1618 20
222 1593 298 1616 eam
324 1592 483 1618 caussam
510 1581 652 1616 Tullius
678 1581 727 1614 ait
754 1580 945 1614 abhorrere
972 1591 992 1613 a
1015 1580 1246 1613 multitudine
1280 1580 1560 1624 philosophiam.
1604 1585 1639 1613 at

223 1647 316 1680 enim
350 1647 481 1685 rudes
514 1647 734 1691 Epicurus
770 1646 974 1690 accipiet.
1024 1656 1097 1689 quo
1124 1646 1232 1681 modo
1265 1655 1351 1687 ergo
1386 1644 1449 1678 illa
1475 1655 1566 1689 quae
1592 1645 1637 1678 de

221 1711 405 1757 principiis
432 1721 547 1744 rerum
573 1710 739 1744 dicuntur
763 1710 999 1752 intellegent?
1026 1721 1117 1754 quae
1141 1709 1312 1753 perplexa
1337 1715 1371 1743 et
1390 1710 1556 1743 inuoluta
1573 1709 1634 1743 uix

222 1776 326 1809 etiam
351 1776 459 1820 politi
491 1776 655 1809 homines
686 1782 905 1810 assecuntur.
955 1776 992 1808 in
1017 1776 1124 1808 rebus
1149 1775 1259 1816 igitur
1282 1774 1503 1808 obscuritate
1530 1773 1638 1818 inpli-

223 1840 310 1874 catis
336 1845 373 1873 et
401 1839 625 1882 ingeniorum
657 1840 829 1873 uarietate
862 1839 1021 1873 confusis
1056 1845 1090 1872 et
1125 1839 1369 1882 eloquentium
1397 1840 1554 1873 uirorum
1581 1849 1638 1871 ex-

163 1914 198 1941 25
224 1904 357 1948 quisito
390 1907 554 1938 sermone
587 1905 714 1938 fucatis
742 1906 822 1949 quis
854 1904 1009 1948 inperito
1038 1915 1078 1939 ac
1104 1904 1183 1936 rudi
1210 1903 1311 1939 locus
1337 1904 1427 1938 est?
1470 1904 1637 1948 Denique

224 1967 341 2001 nullas
373 1978 539 2012 umquam
571 1968 741 2003 mulieres
768 1967 1019 2013 philosophari
1053 1969 1252 2001 docuerunt
1283 1973 1425 2013 praeter
1456 1978 1561 2001 unam
1594 1978 1638 2001 ex

223 2033 321 2066 omni
346 2033 517 2067 memoria
544 2033 782 2067 Themisten'.

124 2117 214 2152 2272’
321 2113 560 2150 SOHOLIASTA
587 2113 756 2159 Dionysii
781 2115 928 2148 Thracis
954 2114 1058 2148 BAG
1083 2125 1117 2159 p.
1132 2114 1277 2153 649,26
1314 2113 1350 2149 οἱ
1376 2115 1444 2156 μὲν
1469 2113 1637 2148 Ἐπικού-

224 2189 318 2224 ρειοι
343 2179 467 2222 οὕτως
492 2178 684 2224 ὁρίζονται
707 2179 779 2222 τὴν
803 2178 961 2222 τέχνην·
993 2178 1110 2221 τέχνη
1137 2177 1217 2212 ἐστὶ
1242 2177 1404 2220 μέθοδος
1430 2178 1638 2222 ἐνεργοῡσα

164 2255 200 2281 so
224 2246 281 2289 τῷ
307 2242 375 2290 βίῳ
400 2244 445 2280 τὸ
471 2244 678 2289 συμφέρον.
716 2243 959 2288 (ἐνεργοῡσῶ
986 2243 1027 2278 δὲ
1054 2241 1136 2278 οἷον
1164 2242 1408 2291 ἐργαζομένη.

126 2327 197 2363 228
343 2325 597 2361 ΡιντΑιιοιῑνε
623 2332 747 2360 contra
771 2326 919 2370 Epicuri
945 2325 1202 2360 beatitudinem
1230 2325 1252 2358 2
1280 2335 1313 2368 p.
1335 2325 1426 2360 1086
1443 2336 1495 2368 sq.
1529 2324 1637 2368 Ἡρα·

225 2390 372 2436 κλείδης
398 2391 468 2426 οὖν
493 2391 750 2436 γραμματικὸς
774 2390 829 2425 ὢν
855 2390 939 2425 ἀντὶ
970 2392 1038 2432 τῆς
1072 2390 1320 2432 ποιητικῆς
1356 2389 1543 2432 τύρβης,
1584 2389 1636 2430 ὡς

345 2523 366 2557 9
399 2523 556 2556 Senecae
587 2521 865 2556 Exhortationes
901 2520 1083 2563 conpilare
1115 2519 1212 2552 Lact.
1239 2518 1380 2551 uidetur
1440 2517 1445 2562 1
1511 2519 1553 2552 13
1580 2530 1637 2551 sa-

219 2583 389 2625 pientum
413 2580 596 2625 suppleuit
619 2581 852 2613 Heumannus
891 2578 897 2622 Ι
940 2579 983 2611 16
1009 2579 1053 2612 cf.
1080 2577 1160 2610 adn.
1188 2588 1222 2620 p.
1243 2577 1323 2616 170,
1345 2577 1387 2611 17
1427 2578 1432 2617 Ι
1471 2577 1516 2611 27
1548 2577 1637 2609 The-

226 2642 369 2673 mistam
397 2639 564 2683 scriptum
590 2639 757 2683 oportuit.
783 2639 826 2672 cs.
845 2649 880 2682 p.
900 2638 1067 2670 101.140
1108 2635 1124 2679 ΙΙ
1166 2637 1206 2670 31
1239 2636 1344 2669 huius
1371 2636 1636 2669 maledictionis

224 2698 401 2742 Epicurus
427 2708 579 2742 poenam
610 2698 720 2730 soluit
745 2696 961 2734 Homericis,
1001 2696 1045 2728 cf.
1073 2695 1187 2728 schol.
1214 2694 1283 2729 Od.
1310 2705 1321 2729 ι
1347 2695 1393 2728 28
1426 2696 1545 2736 γνῶθι
1578 2694 1636 2728 ὅτι

225 2759 348 2800 καλῶς
373 2757 472 2798 λέγει
498 2758 557 2793 καὶ
583 2755 799 2801 Ἐπίκουρος
825 2781 833 2790 .
854 2782 860 2790 .
881 2782 889 2789 .
910 2781 917 2789 .
946 2755 1100 2800 ἄριστον
1125 2753 1234 2796 τέλος
1260 2754 1354 2789 εἶναι
1381 2753 1537 2788 πάντων
1563 2753 1636 2795 τὴν
