1842 3250
100 943 133 967 10

101 1265 132 1290 15

99 1589 134 1614 20

101 1913 134 1939 25

105 2236 139 2261 30

158 243 199 275 fr.
227 241 297 275 323
636 240 843 273 EPICVRI
876 241 1094 273 PHYSICA
1500 240 1569 273 223

157 354 218 388 καὶ
252 353 521 395 μαλασσόμενα
552 353 613 387 καὶ
644 353 836 396 τηκόμενα
869 355 948 387 τῶν
983 353 1173 395 σωμάτων
1212 353 1471 397 ἐπιλαμβάνει,
1509 356 1570 389 καὶ

154 417 382 452 τούναντίον
408 417 455 451 αὖ
481 417 593 451 πάλιν
617 417 665 450 τὰ
692 417 915 459 πηγνύμενα
947 419 1007 451 καὶ
1034 418 1231 460 ψυχόμενα
1264 421 1450 461 συγχωρεῖ
1477 418 1573 462 πρὸς

156 483 298 525 ἄλληλα
329 482 390 516 καὶ
422 481 626 522 συνάγεται
658 482 719 515 καὶ
745 481 942 517 ἀπολείπει
974 483 1183 524 κενότητας
1207 482 1247 516 ἐν
1273 486 1352 523 τοῖς
1378 483 1572 525 περιέχου-

156 555 216 580 σιν
242 545 408 587 ἀγγείοις
433 547 493 580 καὶ
518 546 651 587 τόποις
678 546 714 580 ἐξ
740 546 796 580 ὧν
822 547 1127 589 ὑποκεχώρηκεν.

203 611 228 654 ἡ
254 611 302 653 δή
331 611 444 653 φωνὴ
469 610 763 653 προσφερομένη
789 612 849 644 καὶ
875 611 1220 654 προστυγχάνουσα
1246 617 1393 652 σώμασι
1419 613 1572 652 πολλοῖς

155 676 216 709 καὶ
242 673 394 718 ἀθρόοις
419 675 442 717 ἢ
469 677 680 717 τυφλοῦται
706 675 949 709 παντάπασιν
976 676 998 717 ἢ
1026 675 1292 716 διασπάσματα
1311 675 1489 717 λαμβάνει
1511 677 1571 709 καὶ

155 739 319 781 μεγάλας
351 739 412 773 καί
443 739 584 780 πολλὰς
619 739 879 782 ἀντικρούσεις
906 740 965 773 καὶ
993 739 1198 782 διατριβάς·
1252 740 1292 773 ἐν
1319 741 1359 773 δέ
1386 743 1484 783 κενῷ
1512 740 1571 773 καὶ

155 803 345 846 σωμάτων
377 803 506 848 ἐρήμῳ
539 803 763 846 διαστήματι
795 806 894 838 λεῖον
923 804 1064 846 δρόμον
1091 804 1232 846 ἔχουσα
1258 804 1318 837 καὶ
1345 807 1483 846 συνεχῆ
1512 805 1572 838 καὶ

155 869 366 903 ἄπταιστον
400 869 594 904 ἐξικνεῖται
624 869 718 912 πρὸς
744 869 815 911 τὴν
843 869 973 911 ἀκοήν,
1015 869 1090 903 ὑπὸ
1120 869 1261 911 τάχους
1287 869 1363 911 ἅμα
1388 871 1443 913 τῷ
1469 869 1572 913 λόγῳ

157 933 397 977 διασῴζουσα
431 934 502 975 τήν
533 932 757 975 σαφήνειαν.
810 934 900 976 ὁρᾷς
931 933 1003 976 γὰρ
1037 934 1095 967 ὅτι
1128 934 1188 967 καὶ
1219 935 1297 967 τῶν
1331 932 1493 975 ἀγγείων
1525 933 1573 967 τὰ

156 998 246 1033 κενὰ
271 998 514 1040 πληττόμενα
547 1000 687 1039 μᾶλλον
719 999 903 1032 ὑπακούει
937 1001 1096 1041 πληγαῖς
1121 999 1181 1032 καὶ
1207 998 1274 1031 τὸν
1301 998 1395 1040 ἦχον
1422 997 1572 1032 ἀποτεί-

155 1075 210 1098 νει
237 1063 394 1107 μακράν,
433 1062 612 1104 πολλάκις
639 1064 679 1097 δὲ
709 1064 766 1096 καί
795 1063 920 1106 κύκλῳ
955 1063 1255 1106 περιφερόμενον
1285 1061 1479 1096 διαδίδωσι
1505 1073 1572 1096 πο-

155 1129 241 1162 λύν·
284 1128 330 1162 τὸ
363 1128 394 1162 δ’
422 1128 637 1170 ἐμπλησθὲν
667 1127 691 1169 ἢ
720 1130 877 1170 στερεοῦ
906 1128 1083 1168 σώματος
1108 1128 1130 1169 ἤ
1159 1137 1261 1168 τινος
1287 1127 1405 1169 ὑγροῦ
1432 1126 1572 1160 παντά-

155 1201 248 1226 πασι
276 1191 421 1233 γίνεται
454 1192 586 1234 κωφὸν
615 1193 676 1225 καὶ
703 1192 881 1231 ἄναυδον,
922 1192 1013 1225 ὁδον
1040 1191 1111 1225 οὐκ
1137 1191 1298 1233 ἐχούσης
1330 1191 1419 1225 οὐδὲ
1446 1191 1574 1234 χώραν

157 1257 179 1301 ᾗ
208 1255 316 1290 δίεισι
342 1258 409 1298 τῆς
436 1259 580 1298 φωνῆς,
625 1257 753 1290 αὐτῶν
782 1257 822 1290 δέ
850 1258 928 1289 τῶν
956 1258 1146 1296 σωμάτων
1174 1255 1312 1298 χρυσὸς
1339 1257 1407 1297 μὲν
1437 1256 1497 1289 καὶ
1523 1255 1574 1290 λί-

157 1323 223 1363 Θος
242 1321 316 1355 ὑπὸ
334 1321 576 1364 πληρότητος
603 1320 824 1363 ἰσχνόφωνα
853 1321 913 1353 καὶ
940 1321 1086 1362 δυσηχῆ
1110 1321 1170 1353 καὶ
1188 1320 1282 1361 ταχὺ
1303 1319 1575 1361 κατασβέννυσι

156 1387 247 1426 τοὺς
272 1386 468 1427 φθόγγους
494 1386 534 1419 ἑν
561 1386 699 1427 αὐτοῖς,
734 1387 908 1427 εὔφωνος
936 1386 975 1419 δέ
1003 1386 1064 1418 καὶ
1090 1385 1201 1425 λάλος
1229 1386 1248 1419 ό
1276 1386 1422 1427 χαλκός,
1458 1386 1479 1429 ᾗ
1507 1395 1574 1419 πο-

156 1450 312 1491 λύκενος
338 1451 398 1484 καὶ
424 1450 541 1491 ὄγκον
567 1450 731 1493 ἐλαφρὸς
758 1451 818 1483 καὶ
845 1451 992 1492 λεπτός,
1018 1450 1063 1483 οὐ
1084 1451 1237 1490 πολλοῖς
1261 1450 1577 1491 συντεθλιμμένος

158 1515 381 1557 ἐπαλλήλοις
407 1515 579 1556 σώμασιν
603 1514 680 1548 ἀλλ’
702 1515 873 1556 ἄφθονον
900 1514 997 1556 ἔχων
1024 1514 1069 1547 τὸ
1093 1517 1162 1556 τῆς
1188 1514 1374 1554 ἐπιεικοῦς
1400 1515 1461 1548 καὶ
1487 1514 1575 1548 ἀνα-

158 1582 256 1622 φοῦς
282 1579 510 1620 μεμιγμένον
537 1578 678 1620 οὐσίας,
719 1578 741 1621 ἢ
769 1581 850 1619 ταῖς
875 1577 908 1611 τ’
937 1579 1064 1619 ἄλλαις
1091 1578 1282 1621 κινήσεσιν
1317 1578 1498 1622 εὐπορίαν
1525 1578 1576 1613 δί-

159 1645 253 1679 δωσι
277 1644 348 1686 τήν
374 1654 416 1678 τε
443 1644 578 1686 φωνὴν
612 1644 779 1685 εὐμενῶς
806 1643 1131 1685 ὑπολαμβάνουσα
1158 1644 1411 1686 παραπέμπει,
1453 1644 1578 1687 μέχρις

157 1709 204 1742 ἂν
222 1708 417 1751 ἁψάμενός
442 1719 498 1750 τις
517 1708 641 1751 ὥςπερ
669 1709 709 1742 ἐν
737 1708 814 1751 ὁδῷ
842 1708 1033 1752 καταλάβῃ
1061 1709 1122 1741 καὶ
1146 1709 1331 1752 τυφλώσῃ
1352 1707 1411 1752 [τὸ
1431 1707 1576 1752 κενόν]·

157 1774 322 1809 ἐνταῦθα
341 1774 372 1808 δ’
393 1774 484 1817 ἔστη
511 1774 572 1807 καὶ
599 1773 849 1807 ἀπεπαύσατο
874 1776 944 1807 τοῦ
971 1773 1104 1815 πρόσω
1131 1776 1267 1816 χωρεῖν
1295 1773 1353 1807 διὰ
1380 1774 1450 1816 τὴν
1477 1772 1577 1807 ἀντί-

157 1840 302 1882 φραξιν.

204 1907 337 1945 ταῦτα,
365 1904 451 1946 ἔφη,
480 1904 582 1937 δοκεῖ
612 1913 674 1946 μοι
700 1904 770 1945 τήν
799 1903 918 1937 νύκτα
945 1906 1068 1936 ποιεῖν
1096 1902 1239 1945 ἠχώδη,
1277 1903 1348 1944 τὴν
1375 1903 1407 1935 δ’
1433 1902 1578 1945 ἡμέραν

158 1967 285 2011 ἦττον,
323 1968 527 2016 θερμότητι
561 1969 621 2002 καὶ
658 1969 822 2003 δια“·ἰσει
857 1971 927 2002 τοῦ
964 1967 1074 2011 ἀέρος
1108 1968 1231 2010 μακρὰ
1262 1967 1309 2001 τὰ
1342 1967 1578 2009 διαστήματα

157 2035 237 2067 τῶν
265 2033 419 2074 ἀτόμων
446 2036 643 2067 ποιοῦσαν.
697 2031 836 2075 μονονζ
864 2034 949 2076 ἔφη,
988 2033 1116 2075 μηδεὶς
1148 2032 1359 2066 ἐνιστάσθω
1393 2032 1486 2076 πρὸς
1512 2032 1579 2073 τὰς

159 2097 312 2140 πρώτας
338 2097 547 2139 ὑποθέσεις.

160 2163 203 2196 cf.
223 2172 251 2195 c.
267 2163 288 2195 3
306 2174 340 2205 p.
356 2161 442 2196 721f
464 2162 576 2196 οὐδέν
596 2162 664 2196 οὖν
684 2163 759 2196 ἔδει
778 2165 824 2205 τῇ
843 2162 950 2196 νυκτὶ
969 2162 1146 2204 παρέχειν
1173 2161 1376 2204 πράγματα
1403 2164 1578 2196 συσπῶν-

159 2236 227 2267 τας
258 2226 376 2268 αὐτῆς
411 2227 479 2260 τὸν
512 2227 605 2270 ἀέρα
635 2228 694 2261 καὶ
728 2226 1005 2268 συντείνοντας,
1047 2227 1202 2269 ἑτέρωθι
1230 2227 1261 2260 δ’
1290 2226 1336 2261 αὖ
1365 2227 1488 2270 χώρας
1519 2228 1579 2260 καὶ

160 2291 367 2333 κενότητας
385 2290 673 2334 ἀπολείποντας,
705 2292 828 2334 ὥςπερ
856 2291 1033 2333 ἐμποδὼν
1059 2292 1152 2324 ὄντα
1177 2294 1223 2334 τῇ
1253 2295 1365 2335 φωνῇ
1393 2291 1460 2325 τὸν
1487 2291 1578 2334 ἀέρα

161 2355 221 2389 καὶ
249 2355 457 2399 φθείροντα
485 2357 555 2399 τὴν
581 2356 726 2398 οὐσίαν,
761 2356 804 2399 ἦς
832 2356 950 2396 αὐτὸς
977 2354 1088 2390 οὐσία
1116 2356 1175 2389 καὶ
1203 2358 1312 2398 σῶμα
1339 2356 1398 2389 καὶ
1426 2355 1580 2398 δύναμίς

282 2474 302 2507 3
330 2474 390 2507 καὶ
416 2473 624 2516 κενότητας
651 2473 752 2505 libri:
782 2473 841 2506 καὶ
869 2472 940 2505 del.
969 2472 1180 2504 Meziriacus
1236 2472 1241 2515 Ι
1296 2472 1317 2506 5
1345 2472 1407 2516 δὴ]
1435 2472 1475 2507 δὲ
1502 2473 1578 2505 uol-

163 2537 264 2573 gatur
322 2532 328 2575 Ι
391 2533 434 2565 12
460 2533 556 2567 πολύ
584 2532 684 2565 libri:
714 2542 803 2564 corr.
825 2531 1126 2574 Wyttenbachius
1183 2531 1188 2573 ί
1250 2531 1290 2564 13
1319 2531 1363 2564 τὸ
1394 2529 1442 2576 δ’]
1468 2531 1512 2565 τὸ
1540 2531 1580 2565 δὲ

163 2592 316 2634 ἀγγεῖον
337 2592 420 2624 libri
459 2594 464 2633 Ι
506 2593 548 2626 18
576 2593 693 2624 scribe
722 2592 782 2626 καὶ
807 2592 875 2626 τὸν
898 2592 1015 2632 ὄγκον
1054 2592 1058 2633 Ι
1102 2590 1144 2624 19
1171 2590 1370 2635 ἐπιεικοῦς]
1392 2602 1436 2623 an
1453 2601 1580 2635 παρει-

163 2652 326 2695 κούσηςΡ
371 2652 376 2695 ξ
424 2652 469 2684 22
495 2652 680 2694 τυφλώσῃ
712 2652 755 2684 ef.
783 2652 806 2683 l.
827 2651 848 2684 6
882 2652 887 2692 1
923 2650 968 2684 τὸ
995 2651 1106 2685 κενὸν
1135 2650 1326 2692 glossema.
1362 2651 1488 2683 debuit
1512 2650 1580 2684 τὸν

163 2711 284 2755 πόρον
310 2711 382 2743 dici
420 2710 426 2754 1
464 2710 510 2744 23
540 2709 758 2752 ἀντίπραξιν
780 2710 883 2741 libri:
907 2709 1000 2742 'corn
1018 2709 1207 2752 Xylander
1253 2710 1258 2752 Ι
1303 2710 1347 2743 31
1377 2709 1580 2744 ἀπολιπόν-

163 2782 232 2812 τας
256 2771 369 2812 uolgo
425 2772 430 2812 Ι
487 2769 531 2804 32
559 2771 669 2811 σῶμα
687 2769 1002 2812 VVyktenbachius,
1036 2769 1079 2802 cf.
1106 2768 1127 2802 4
1152 2780 1186 2812 p.
1206 2768 1311 2803 722b:
1345 2772 1469 2811 σχῆμα
1496 2769 1581 2801 libri
