1842 3250
2 3043 39 3250 Wss'tffi
2 2999 11 3028 ‘⁸‘

110 912 141 935 10

110 1229 140 1255 15

110 1555 144 1580 20

109 1914 145 1939 ⁴25

73 1971 142 2005 384

112 2238 147 2263 3ss

73 2440 144 2474 385

641 204 845 236 EPICVRI
872 206 1085 237 PHYSICA
1502 204 1570 238 257

163 318 256 361 (τῶν
282 317 366 360 περὶ
384 316 618 359 Ἐπίκουρον)
648 316 898 359 ἀνασχώμεθα
925 317 1100 361 τυχηρὰ
1126 318 1317 359 λεγόντων
1345 318 1438 352 εἶναι
1465 326 1569 359 συμ·

162 381 387 423 πτώματα
412 380 460 414 τὰ
485 380 589 422 σοφὰ
616 381 662 422 δὴ
689 383 810 414 ταῦτα
837 382 897 414 καὶ
924 381 1016 415 καλὰ
1045 381 1372 425 δημιουργήματας

163 444 338 479 Pnocms
365 445 400 477 in
427 445 518 477 Plat.
546 445 635 478 Tim.
663 456 696 487 p.
715 444 762 478 80
787 446 879 479 med.
924 448 1040 479 τοῦτο
1075 446 1115 479 δὲ
1147 446 1192 479 τὸ
1219 445 1361 488 ἀξίωμα
1393 449 1473 487 τοῖς
1505 447 1569 487 μὲν

162 508 427 553 Ἐπικουρείοις
459 509 519 542 καὶ
550 508 675 553 πάντῃ
709 509 1060 552 προπεπηλάκισται
1092 510 1159 544 τὸν
1191 510 1280 545 ὅλον
1314 510 1478 554 οὐρανὸν
1514 511 1573 544 καὶ

162 574 210 608 τὰ
237 573 413 609 θειότατα
439 574 517 607 τῶν
544 575 724 616 φανερῶν
752 573 827 622 ἀπῤ
853 574 1094 616 ταύτομάτου
1122 578 1284 609 ποιοῦσι.

163 639 212 672 id.
238 650 273 682 p.
293 639 335 672 81
365 638 426 671 inf.
453 637 640 681 ἀποροῦσι
666 638 707 672 δέ
733 648 842 679 τινες,
869 639 972 680 ὅπως
1000 639 1021 673 ὁ
1048 638 1213 673 Πλάτων
1241 639 1371 680 ἔλαβεν
1398 639 1448 681 ὡς
1476 641 1574 681 ‹imo-

163 703 375 746 λογημένον
401 703 446 736 τὸ
473 702 703 746 δημιουργὸν
738 704 831 737 εἶναι
864 706 933 737 τοῦ
966 704 1108 745 παντὸς
1142 703 1193 745 εἰς
1225 704 1461 747 παράδειγμα
1497 704 1574 746 βλέ-

163 778 298 809 ποντα,
326 767 376 809 μὴ
403 767 474 810 γὰρ
501 769 595 802 εἶναι
622 768 854 811 δημιουργὸν
879 768 932 810 εἰς
959 769 1003 802 τὸ
1031 769 1126 803 κατὰ
1151 768 1272 802 ταύτὰ
1298 769 1386 811 ἔχον
1414 769 1574 812 ὁρῶντα.

164 833 295 867 πολλοὶ
318 833 390 876 γὰρ
417 834 476 867 καί
503 833 643 867 τούτου
671 835 877 876 προεστᾶσι
903 836 972 868 τοῦ
999 834 1114 875 λόγου
1133 836 1211 867 τῶν
1229 836 1418 868 παλαιῶν’
1447 833 1481 868 οἱ
1509 835 1575 875 μὲν

165 898 408 941 Ἐπικούρειοι
436 899 495 931 καὶ
521 898 645 942 πάντῃ
672 901 741 932 τοῦ
767 899 910 939 παντὸς
937 897 1057 932 αἴτιον
1086 899 1154 933 οὐκ
1182 900 1276 933 εἶναι
1302 898 1525 940 φάσκοντες.

165 963 214 996 id.
240 973 273 1005 p.
292 962 351 1002 82,
371 964 391 996 ὗ
430 963 547 997 πόθεν
579 963 619 996 δὲ
652 963 696 996 τὸ
730 965 910 998 κινεῖσθαι
938 963 1022 1006 (τὸν
1049 964 1208 1006 κόσμον)
1243 963 1300 997 ἐπ’
1329 964 1485 1005 ἄπειρον
1512 973 1575 996 πε-

165 1027 404 1071 περασμένον
432 1027 541 1066 ὅντα;
573 1029 648 1060 πᾶν
674 1027 746 1070 γὰρ
774 1029 882 1068 σῶμα
909 1028 1200 1070 πεπερασμένην
1228 1028 1303 1070 ἔχει
1329 1028 1497 1069 δύναμιν,
1525 1027 1577 1068 ὥς

164 1100 276 1135 φησι·
319 1092 436 1126 πόθεν
463 1092 532 1126 οὖν
558 1092 629 1134 τὴν
657 1093 813 1134 ἄπειρον
841 1094 926 1134 ἔσχε
960 1093 1103 1134 ταύτην
1131 1095 1200 1126 τοῦ
1227 1093 1320 1126 εἶναι
1348 1093 1505 1134 δύναμιν
1532 1092 1577 1125 τὸ

166 1158 252 1199 πᾶν,
279 1156 312 1191 εἴ
337 1167 408 1201 περ
435 1157 484 1198 μὴ
511 1157 550 1191 ἐκ
577 1157 821 1198 ταύτομάτου
848 1158 942 1191 κατὰ
972 1158 1038 1190 τὸν
1065 1156 1301 1200 Ἐπίκουρον;

167 1222 211 1254 cf.
237 1233 268 1264 p.
293 1221 370 1258 108.
391 1220 435 1254 33
461 1223 552 1261 νοῦς
577 1220 649 1263 γὰρ
676 1220 871 1255 ὑπόκειται
899 1221 1127 1263 δημιουργὸς
1153 1221 1213 1254 καὶ
1240 1220 1335 1261 θεὸς,
1364 1219 1440 1253 ἀλλ’
1461 1219 1506 1253 οὐ
1532 1219 1576 1252 τὸ

166 1287 394 1328 αὐτόματον,
422 1286 546 1328 ὥςπερ
571 1285 670 1326 τινές
696 1295 823 1328 φασιν.

166 1353 213 1385 id.
241 1362 274 1394 p.
297 1352 351 1388 19,
373 1350 417 1384 14
451 1352 591 1384 θᾶττον
618 1350 690 1393 γὰρ
717 1351 762 1384 ἂν
789 1350 856 1390 τὰς
883 1349 1047 1390 ἀτόμους
1076 1350 1295 1392 Ἐπικούρου
1322 1349 1578 1388 συνελθούσας

165 1417 319 1459 ποιῆσαι
344 1416 486 1458 κόσμον
506 1415 528 1457 ἢ
548 1414 717 1456 ὀνόματα
743 1415 795 1456 ὡς
821 1415 930 1457 ἔτυχε
957 1414 1182 1457 συγκείμενα
1208 1415 1268 1448 καὶ
1296 1413 1445 1456 ῥήματα
1464 1413 1577 1452 λόγον

166 1480 479 1524 κατωρθωμένον.

167 1547 210 1579 cf.
238 1546 405 1578 Clemens
433 1546 494 1578 AI.
524 1551 643 1578 strom.
670 1553 696 1576 V
727 1545 771 1578 14
797 1556 829 1588 p.
849 1545 930 1583 252,
948 1544 991 1577 41
1015 1544 1114 1587 sylb.
1148 1544 1304 1576 Ioannes
1332 1542 1515 1584 chrysost.
1542 1541 1579 1573 in

167 1615 243 1642 acta
270 1616 383 1653 apost.
403 1610 497 1643 hom.
524 1618 685 1642 xxxvm
714 1610 734 1642 2
761 1616 784 1643 t.
803 1618 844 1642 lx
873 1621 906 1652 p.
925 1609 1012 1643 288⁰
1030 1610 1179 1641 Montes.
1220 1606 1394 1640 Scholion
1412 1607 1578 1647 Gregorii

165 1675 254 1708 Naz.
274 1674 408 1706 editum
427 1675 470 1706 ab
490 1675 583 1707 Aen.
603 1674 864 1706 Piccolominio
883 1674 1048 1705 Estratti
1072 1675 1202 1705 inediti
1225 1684 1258 1715 p.
1276 1673 1321 1706 25
1350 1682 1383 1704 n.
1405 1671 1469 1704 153
1499 1672 1579 1703 Ser-

166 1741 246 1772 uius
272 1741 308 1771 in
327 1739 435 1780 Verg.
455 1741 549 1771 Aen.
569 1747 594 1770 x
614 1739 692 1780 467⁴
711 1738 884 1770 Boethius
913 1738 949 1769 in
975 1738 1087 1770 Arist.
1115 1747 1151 1770 π.
1173 1737 1300 1779 ἑρμην.
1329 1737 1384 1768 ed.
1404 1743 1433 1768 11
1451 1736 1474 1769 1.
1495 1742 1539 1768 ΠΙ
1556 1736 1580 1768 9

167 1816 199 1847 p.
220 1804 302 1843 239,
321 1804 366 1837 25
385 1804 490 1837 Meis.
517 1804 560 1836 cl.
585 1803 663 1846 193,
683 1803 729 1836 24
747 1803 792 1836 al.

214 1904 281 1936 DE
306 1903 586 1942 RELIGIONE

288 1967 543 2003 PLVTARCHVS
571 1974 695 2000 contra
719 1968 866 2020 Epich
894 1967 1150 1999 beatitudinem
1177 1965 1198 1998 S
1224 1977 1258 2008 p.
1282 1965 1390 1998 10920
1431 1965 1512 1998 ἐπεὶ
1539 1965 1579 1998 δὲ

168 2033 276 2074 τέλος
308 2032 353 2074 ἦν
386 2035 456 2066 τοῦ
488 2033 573 2075 περὶ
607 2034 706 2066 Θεῶν
739 2032 855 2072 λόγου
884 2031 1128 2073 (Ἐπικούρῳ)
1164 2030 1209 2063 τὸ
1245 2030 1299 2071 μὴ
1335 2031 1582 2071 φοβεῖσθαι

169 2097 281 2131 θεὸν
309 2097 426 2131 ἀλλὰ
453 2097 736 2130 παύσασθαι
763 2096 1184 2138 ταραττομένους,
1213 2095 1452 2137 βεβαιότερον
1479 2094 1581 2134 οἶμαι

168 2162 285 2194 τοῦτο
318 2159 500 2202 ὑπάρχειν
533 2162 610 2200 τοῖς
643 2159 740 2199 ὅλως
773 2159 821 2199 μὴ
858 2161 987 2192 νοοῦσι
1023 2159 1111 2192 Θεὸν
1137 2159 1159 2199 ἢ
1188 2162 1266 2199 τοῖς
1292 2161 1394 2192 νοεῖν
1422 2158 1470 2200 μὴ
1499 2157 1582 2199 βλά-

169 2234 316 2258 πτοντα
343 2224 610 2267 μεμαθηκόσιν.

170 2289 218 2323 ib.
237 2301 271 2332 p.
290 2287 397 2322 1091ΐ
419 2287 499 2323 οὐδ’
518 2288 550 2322 εἰ
568 2289 612 2322 τὸ
634 2288 761 2328 ἀλγεῖν
785 2290 842 2320 καὶ
864 2289 1061 2329 φοβεῖσθαι
1079 2288 1126 2320 τὰ
1148 2288 1228 2320 θεῖα
1255 2287 1314 2320 καὶ
1332 2286 1583 2329 ταράττεσθαι

170 2357 250 2395 τοῖς
274 2354 314 2387 ἑν
343 2353 472 2388 Ἅιδου
500 2353 627 2393 κακόν,
664 2353 686 2394 ἡ
714 2352 864 2385 τούτων
893 2351 1076 2393 ἀποφυγὴ
1105 2350 1286 2393 μακάριον
1314 2351 1374 2384 καὶ
1401 2351 1582 2392 ζηλωτόν.

292 2436 459 2468 ΑΤίῚονε
485 2434 636 2466 Ensebii
656 2444 774 2476 praep.
796 2444 851 2466 eu.
871 2441 925 2464 xv
947 2435 966 2466 ὁ
985 2444 1018 2475 p.
1034 2433 1122 2465 800²
1148 2432 1220 2474 ἤδη
1249 2432 1289 2465 δέ
1317 2432 1437 2475 ταύτῃ
1456 2442 1500 2472 γε
1525 2433 1583 2465 καὶ

291 2563 310 2593 ‘2
331 2561 434 2603 σοφὰ
453 2562 512 2595 καὶ
532 2560 592 2594 διὰ
610 2562 726 2594 τοῦτο
746 2559 793 2593 τὰ
812 2557 906 2592 καλὰ
922 2558 1017 2596 libri,
1037 2558 1100 2590 sed
1114 2556 1161 2591 τὰ
1177 2568 1231 2589 om
1249 2557 1313 2588 DF
1345 2557 1350 2598 ζ
1386 2557 1428 2589 10
1446 2556 1581 2601 αἴτιον]

171 2619 325 2655 αἰωνίου
338 2621 447 2653 Basil.
472 2621 477 2661 Ι
500 2628 617 2661 φασιν
631 2620 712 2651 Bas.
741 2619 746 2659 ξ
780 2618 817 2650 11
837 2618 994 2659 disputat
1010 2621 1130 2648 contra
1146 2616 1378 2648 Aristotelem
1403 2617 1406 2657 Ι
1434 2617 1474 2648 13
1490 2624 1583 2658 φησι

172 2680 246 2713 scil.
261 2681 374 2712 Arist.
409 2679 414 2721 ξ
454 2679 495 2711 17
515 2679 625 2710 habes
646 2688 715 2720 quo
735 2676 843 2709 simili
861 2675 1008 2718 Epicuri
1027 2675 1294 2715 cosmogoniam
1314 2675 1466 2705 refutare
1487 2674 1584 2706 soliti

173 2739 253 2777 sint,
293 2740 336 2771 cs.
365 2738 435 2772 Cic.
465 2739 508 2769 de
536 2743 603 2770 nat.
633 2738 730 2769 deor.
759 2743 788 2768 Π
814 2736 872 2776 37,
892 2734 936 2767 93
976 2734 1063 2766 ΡΙυῑ,
1093 2734 1138 2765 de
1164 2733 1265 2776 Pyth.
1296 2744 1345 2766 or.
1376 2734 1413 2766 11
1444 2745 1476 2775 p.
1499 2732 1580 2766 399*-

1275 2799 1317 2830 17
