1842 3250
652 241 857 272 EPICVRI
884 241 1103 273 PHYSICA
1518 243 1584 275 193⁷»

171 355 333 397 ἐκχεῖται
368 354 412 388 τὸ
444 354 548 397 ὕδωρ
582 355 642 388 καὶ
676 354 695 388 ό
724 354 796 397 ἀὴρ
829 355 1118 398 ἀντεισέρχεται.
1161 354 1366 389 κάντεῦθεν
1393 356 1416 398 ἡ
1443 356 1585 398 πλάνη·

170 420 250 454 ἐπεὶ
275 419 348 462 γὰρ
377 421 486 460 σῶμα
512 420 586 452 πᾶν
615 419 707 460 μετὰ
734 418 999 461 διαστήματος,
1031 420 1310 462 μεταφέρουσιν
1338 419 1382 453 τὸ
1407 421 1485 452 τῶν
1514 429 1587 453 σω-

170 483 300 524 μάτων
326 483 514 525 διάστημα
542 483 601 517 ἐπὶ
625 483 692 516 τὸν
717 483 849 526 τόπον,
877 484 946 517 οὐκ
966 484 1187 525 ἐννοοῦντες
1214 484 1271 517 ὅτι
1299 484 1357 517 διὰ
1384 486 1500 517 τοῦτο
1530 483 1587 517 ἀεὶ

170 547 358 590 διάστημά
386 547 487 580 ἐστιν
515 547 554 581 ἐν
581 548 700 591 τόπῳ,
729 548 858 589 ἐπειδὴ
888 549 946 581 καὶ
971 551 1079 590 σῶμα
1108 547 1182 582 ἀεί·
1211 548 1319 590 δηλοῖ
1345 549 1384 582 δὲ
1403 547 1448 581 τὰ
1469 551 1586 589 χαλκᾶ

127 624 144 649 5
169 613 230 646 καί
263 613 428 653 στεγανὰ
459 613 698 654 πανταχόθεν
732 611 880 654 ἀγγεῖα·
925 613 970 646 οὐ
997 613 1069 655 γὰρ
1104 613 1148 646 ἂν
1179 613 1371 655 ἑκρυσειεν
1399 613 1443 646 τὸ
1471 613 1585 655 ὕδωρ,

169 675 201 711 εἰ
228 677 277 719 μὴ
304 677 432 719 χώραν
461 675 555 720 (ek)
586 677 751 720 εἵσρυσιν
780 678 799 710 ὁ
827 676 899 719 ἀὴρ
926 677 1042 718 λάβοι.
1076 676 1267 719 φενακίζει
1296 678 1335 710 δὲ
1362 677 1500 717 αὐτοὺς
1528 678 1587 710 καὶ

167 742 213 775 τὸ
239 741 365 783 μένειν
393 741 449 775 ἀεὶ
476 741 692 783 ἀσύγχυτον
720 743 778 775 καί
806 743 876 783 τὴν
905 741 1033 784 κοίλην
1061 742 1284 784 επιφάνειαν
1311 744 1389 775 τῶν
1412 742 1586 783 ἀγγείων,

170 806 221 847 ὡς
256 805 289 840 εἴ
324 816 367 847 γε
404 807 633 840 συνέπιπτεν
671 807 937 849 ἑξαιρουμὲνου
973 810 1042 840 τοῦ
1081 807 1220 847 ὕδατος
1255 807 1378 849 ὥςπερ
1415 807 1473 840 ἐπὶ
1508 808 1586 839 τῶν

170 869 323 913 ἀσκίων,
353 870 422 904 οὐκ
450 871 494 904 ἂν
526 870 665 912 ὁμοίως
693 872 949 913 ἐξηπατῶντο.

73 955 143 988 274
291 951 530 985 THEMISTIVS
556 952 718 995 paraphr.
738 954 838 984 Arist
871 954 971 996 phys.
1000 954 1033 986 Δ
1062 955 1082 985 <j
1110 959 1158 995 (p.
1175 953 1263 985 213³
1283 953 1342 996 32)
1372 952 1393 985 f.
1415 954 1476 984 40¹¹
1497 953 1585 985 Ald.

114 1027 143 1050 11
169 1028 203 1060 p.
223 1017 305 1055 284,
324 1016 345 1049 2
373 1016 505 1060 Speng.
552 1017 620 1050 δύο
650 1018 721 1059 γὰρ
755 1017 861 1050 οὗτοι
888 1020 956 1058 τῆς
983 1018 1124 1057 θέσεως
1152 1020 1220 1051 τοῦ
1248 1019 1360 1051 ’κενοῦ
1387 1017 1533 1059 τρόποι,
1562 1017 1584 1057 ἢ

169 1081 433 1124 παρεσπάρθαι
460 1084 540 1121 τοῖς
567 1081 735 1122 σώμασιν
771 1081 874 1123 αὐτό,
916 1081 1012 1115 καθά
1043 1092 1110 1124 περ
1145 1082 1319 1121 λέγουσιν
1347 1080 1588 1123 Δημόκριτός

169 1156 211 1180 τε
237 1146 297 1180 καὶ
323 1145 538 1185 Λεύκιππος
563 1146 622 1178 καὶ
652 1146 755 1179 ἄλλοι
782 1147 914 1179 πολλοὶ
944 1147 1003 1179 καὶ
1030 1146 1246 1188 Ἐπίκουρος
1276 1147 1436 1188 ὕστερον
1465 1146 1587 1186 (οὗτοι

169 1207 241 1250 γὰρ
259 1208 401 1250 πάντες
425 1210 496 1259 τὴν
522 1211 592 1243 τοῦ
622 1212 732 1243 κενοῦ
760 1210 1030 1252 παρεμπλοκήν
1055 1210 1249 1244 αἰτιῶνται
1278 1214 1343 1252 τῆς
1371 1211 1587 1253 διαιρέσεως

113 1285 144 1311 15
168 1275 247 1306 τῶν
266 1274 467 1315 σωμάτων,
496 1275 575 1308 ἐπεὶ
596 1275 640 1308 τό
660 1285 701 1314 γε
723 1274 871 1316 ἀληθῶς
898 1276 1052 1317 συνεχές
1080 1275 1292 1318 ἀδιαίρετον
1312 1277 1391 1309 κατ’
1413 1276 1585 1318 αὐτούς)-

169 1337 191 1379 ἢ
220 1339 497 1381 κεχωρισμένον
532 1340 592 1373 καὶ
625 1339 765 1381 ἀθρόον
804 1340 897 1373 εἶναι
932 1341 1011 1373 καθ’
1041 1340 1135 1373 αὐτὸ
1169 1340 1343 1382 περιέχον
1379 1341 1445 1374 τόν
1473 1341 1584 1383 οὐρα-

167 1403 247 1444 νόν,
287 1403 338 1444 ὡς
364 1404 552 1446 πρότερον
585 1405 651 1445 μὲν
680 1405 804 1447 ᾤοντο
830 1407 908 1437 τῶν
937 1404 1103 1447 ἀρχαίων
1129 1405 1238 1446 τινές.
1280 1405 1370 1446 μετὰ
1399 1405 1436 1439 δὲ
1466 1409 1586 1439 ταῦτα

169 1466 204 1501 οἱ
230 1468 316 1511 περὶ
341 1467 504 1510 Ζήνωνα
528 1468 596 1502 τὸν
624 1467 756 1502 Κιτιέα.

168 1530 391 1565 Smpmcrvs
410 1534 447 1565 in
462 1534 574 1566 Arist.
591 1534 693 1576 phys.
713 1534 746 1567 Δ
763 1534 783 1566 6
800 1535 848 1577 (p.
862 1534 949 1567 213α
964 1534 1024 1578 32)
1047 1534 1068 1567 f.
1088 1534 1236 1576 151¹=sq.
1265 1534 1400 1567 ἐκεῖνοι
1417 1533 1489 1576 γὰρ
1509 1534 1585 1568 ἐλε-

111 1610 144 1636 20
167 1606 237 1637 γον
265 1596 434 1642 ἐνεργείᾳ
458 1609 493 1631 τι
519 1601 698 1632 τοιοῦτον
727 1600 820 1632 εἶναι
849 1599 1047 1640 διάστημα,
1075 1598 1095 1631 ὃ
1125 1598 1261 1638 μεταξὺ
1287 1600 1366 1631 τῶν
1394 1599 1584 1640 σωμάτων

168 1661 341 1706 ὑπάρχον
368 1662 437 1697 οὐκ
465 1663 508 1707 ἑᾷ
535 1666 674 1705 συνεχῆ
704 1665 797 1697 εἶναι
825 1665 871 1697 τὰ
902 1664 1070 1705 σώματα,
1098 1664 1148 1704 ὡς
1177 1663 1211 1697 οἱ
1238 1665 1322 1706 περὶ
1342 1663 1585 1705 Δημόκριτον

169 1727 229 1760 καὶ
255 1727 472 1761 Λεύκιππον
501 1728 643 1770 ἔλεγον,
681 1729 725 1762 οὐ
756 1728 872 1769 μόνον
901 1729 941 1762 έν
967 1731 1022 1771 τῷ
1050 1728 1180 1772 κόσμῳ
1208 1728 1319 1762 κενὸν
1347 1727 1442 1762 εἶναί
1467 1738 1501 1760 τι
1529 1727 1586 1761 λέ-

167 1801 302 1832 γοντες
328 1791 421 1826 ἀλλὰ
448 1794 509 1826 καὶ
536 1794 606 1827 ἔξω
637 1796 706 1827 τοῦ
734 1793 890 1835 κόσμου,
927 1793 947 1826 ὅ
975 1803 1045 1836 περ
1073 1793 1250 1834 δηλονότι
1277 1793 1395 1833 τόπος
1421 1792 1488 1834 μὲν
1516 1792 1585 1824 οὐκ

168 1856 214 1889 ἂν
233 1856 302 1899 εἴη,
331 1856 425 1891 αὐτὸ
453 1857 494 1891 δὲ
521 1856 603 1891 καθ’
623 1857 718 1892 αὑτὸ
746 1858 958 1900 ὑφέστηκε·
986 1857 1128 1899 ταύτης
1155 1857 1195 1890 δὲ
1222 1859 1290 1898 τῆς
1317 1857 1426 1898 δόξης
1450 1856 1586 1897 γέγονε

110 1936 144 1963 25
169 1922 229 1955 καὶ
255 1920 516 1966 Μητρόδωρος
542 1923 562 1957 ὁ
590 1922 675 1964 Χῖος
702 1923 762 1957 καὶ
788 1925 866 1956 τῶν
893 1921 1168 1966 Πυθαγορείων
1195 1923 1304 1963 τινές,
1335 1922 1386 1962 ὡς
1412 1921 1490 1963 μετ’
1511 1919 1584 1954 ὸλί-

167 1995 238 2027 γον
266 1986 381 2027 αὐτὸς
410 1985 497 2029 ἐρεῖ,
525 1986 686 2028 ὕστερον
714 1986 755 2020 δὲ
782 1988 842 2056 κριὶ
869 1986 1096 2030 Ἐπίκουρος.

339 2113 407 2144 DE
435 2112 755 2146 CORPORIBVS
782 2113 1025 2155 QVAEQVE
1053 2114 1129 2145 EIS
1155 2113 1412 2145 ACCIDVNT

72 2196 144 2231 275
289 2193 436 2227 AE'Hvs
463 2201 476 2227 1
506 2194 560 2233 12,
581 2195 601 2228 5
628 2205 661 2238 p.
683 2195 750 2228 311
777 2195 822 2228 D.
849 2195 960 2237 (Plut.
987 2202 999 2227 1
1030 2195 1083 2232 12,
1104 2195 1124 2227 3
1161 2195 1261 2226 Stob.
1290 2194 1356 2227 ecl.
1384 2193 1443 2236 ph.
1475 2193 1529 2231 14,
1552 2192 1586 2236 1)

168 2256 387 2301 Ἐπίκουρος
413 2257 651 2302 ἀπερίληπτα
681 2260 775 2293 εἶναι
803 2259 849 2292 τὰ
877 2259 1044 2300 σώματα.
1096 2259 1155 2292 καὶ
1182 2259 1230 2292 τὰ
1257 2261 1391 2301 πρῶτα
1417 2258 1458 2292 δὲ
1485 2257 1584 2291 ἁπλᾶ

0 2319 4 2403 Ι
112 2334 145 2360 ³0
168 2323 217 2357 τά
241 2333 283 2358 τε
309 2323 346 2358 ἐξ
373 2321 528 2357 ἐκείνων
555 2322 790 2366 συγκρίματα
818 2322 943 2356 πάντα
972 2322 1084 2365 βάρος
1111 2323 1220 2365 ἔχειν.

0 2408 7 2453 ἰ
169 2385 425 2421 ΡΙΝΤΑΒοΗνε
452 2388 497 2419 de
521 2387 613 2430 plac.
640 2387 771 2429 philos.
800 2395 813 2419 1
839 2388 872 2425 3,
888 2387 933 2420 26
959 2398 992 2429 p.
1010 2387 1092 2430 285,
1110 2388 1150 2420 11
1171 2387 1216 2420 D.
1244 2386 1518 2430 συμβεβηκέναι
1545 2387 1585 2420 δὲ

0 2454 7 2543 Ι
167 2455 248 2493 τοῖς
266 2452 414 2493 σώμασι
431 2450 516 2495 τρία
535 2454 668 2494 ταῦτα,
696 2453 820 2495 σχῆμα
839 2452 996 2494 μέγεθος
1016 2452 1138 2495 βάρος.
1170 2452 1410 2495 Δημόκριτος
1427 2452 1494 2493 μέν
1513 2451 1585 2494 γὰρ

0 2546 7 2585 2

1 2595 7 2637 f

291 2594 311 2627 5
327 2605 392 2628 scr.
408 2593 620 2637 ἑκρεύσειεν
653 2594 658 2637 Ι
689 2595 710 2627 6
725 2595 853 2637 χώραν
873 2593 924 2635 εἰς
941 2594 1049 2636 ῥύσιν
1064 2594 1149 2626 libri
1167 2604 1198 2636 χ.
1215 2593 1445 2637 εἰσρυήσεως
1460 2594 1571 2636 Simpl

169 2651 193 2684 f.
211 2651 297 2685 1332
319 2652 326 2695 Ι
347 2652 442 2695 λάβη
457 2652 558 2684 libri:
574 2663 662 2685 corr.
679 2653 895 2695 Spengelius
927 2652 942 2696 Η
976 2654 1012 2685 11
1031 2653 1144 2686 τόποι
1163 2653 1317 2685 edebant
1332 2658 1415 2688 ante
1430 2653 1585 2696 Spenge-

168 2710 256 2742 lium
291 2710 297 2753 1
332 2711 378 2744 26
396 2711 512 2752 αὐτὸς
529 2712 642 2745 Arist.
661 2711 686 2745 1.
702 2722 728 2745 s,
747 2723 780 2754 p,
797 2710 888 2745 213ὴ
901 2712 945 2744 23
977 2710 992 2754 ΙΙ
1025 2711 1070 2744 29
1091 2713 1171 2744 fort.
1190 2711 1238 2745 τὰ
1257 2712 1379 2752 ἄτομα
1401 2711 1559 2753 σώματα
1584 2710 1588 2753 ξ

170 2769 216 2802 30
241 2769 289 2802 τά
314 2767 373 2813 τε]
400 2770 448 2803 τὰ
476 2770 517 2804 δὲ
544 2770 628 2802 libri
651 2771 657 2814 Ι
679 2770 804 2804 πάντα
824 2781 879 2802 om
900 2771 1001 2803 Stob.
1040 2770 1045 2812 ξ
1085 2770 1126 2803 31
1159 2771 1202 2804 cf.
1224 2771 1305 2802 adn.
1332 2781 1364 2812 p.
1387 2771 1466 2807 191,
1487 2769 1529 2802 13

1517 2838 1584 2868 13*

13 3160 22 3197 ,Α
