1842 3250
678 206 1116 242 FRAGMENTORVM
1536 204 1606 240 5351

188 323 365 367 ἐπιβολὰς
389 324 469 358 τῶν
495 321 707 364 ὀνομάτων,
736 320 817 356 ἐπεί
844 330 915 365 περ
939 321 962 364 ἡ
981 320 1079 364 αὐτὴ
1100 322 1216 365 φύσις
1242 320 1381 364 ἔρημος
1407 321 1475 363 μὲν
1498 323 1606 356 καθε-

189 392 351 432 στηκυῖα
367 388 509 428 παντὸς
527 387 705 428 σώματος
727 386 860 420 κενὸν
887 386 1223 429 προσαγορεύεται,
1244 385 1606 429 καταλαμβανομένη

189 454 230 488 δὲ
257 454 332 487 ὑπὸ
358 453 536 493 σώματος
559 451 702 490 τόπος
728 451 906 491 καλεῖται,
940 450 1172 493 χωρούντων
1198 451 1239 484 δὲ
1266 450 1312 485 δι’
1338 450 1457 493 αὐτῆς
1480 451 1605 492 σωμά-

187 528 266 553 των
293 517 416 560 χώρα
444 515 598 557 γίνεται.
639 516 779 555 κοινῶς
805 513 933 555 μέντοι
961 515 1099 557 φύσις
1126 514 1306 557 ἀναφὴς
1335 514 1479 558 εἴρηται
1505 515 1607 558 παρὰ

147 595 164 619 ις
188 585 244 626 τῷ
270 580 478 625 Ἐπικούρῳ
506 579 566 614 διὰ
593 579 638 613 τὸ
665 579 892 622 ἐστερῆσθαι
915 581 984 621 τῆς
1011 580 1091 613 κατ’
1120 578 1314 621 ἀντίβασιν
1340 579 1453 622 ἁφῆς.

188 647 232 680 es.
259 646 385 679 Aetius
409 655 435 687 1,
462 644 520 683 20,
550 644 581 678 1.

73 720 160 755 ‘273⁸
307 719 459 754 Snxrvs
485 730 576 762 emp.
607 719 686 753 adu.
715 719 824 752 math.
851 728 896 752 111
922 718 969 752 9⁸
1008 719 1103 761 εἶτα,
1137 719 1266 760 καθὼς
1292 720 1353 754 καὶ
1380 719 1414 754 οἱ
1441 719 1605 753 Ἑπικού-

186 783 280 828 ρειο(
306 793 433 828 φασιν,
471 784 494 827 ἡ
530 786 600 818 τοῦ
627 786 741 818 κενοῦ
767 783 894 817 εὐθεῖα
921 783 1050 817 εύθεῑα
1087 783 1154 825 μέν
1181 785 1294 824 ἐστιν,
1327 784 1372 818 ού
1401 783 1606 827 στρέφεται

186 848 227 883 δὲ
254 848 315 882 διὰ
340 849 386 883 τὸ
412 849 474 882 καὶ
501 847 595 882 αὐτὸ
621 848 667 882 τὸ
695 846 806 881 κενὸν
839 846 933 889 μήτε
961 846 1051 881 ὅλον
1078 846 1172 889 μήτε
1198 847 1294 881 κατὰ
1320 847 1432 891 μέρος
1458 847 1604 890 κίνησιν

126 921 161 946 10
187 910 438 954 ἐπιδέχεσθαι.

91 987 160 1022 281
187 997 218 1030 p.
241 986 322 1026 201,
341 986 383 1021 <21
413 987 495 1020 add.
523 985 781 1020 an‘rAncnvs
809 987 852 1019 de
880 986 1041 1019 sollertia
1069 987 1173 1020 anim.
1200 983 1222 1020 7
1248 997 1280 1030 p.
1301 986 1387 1020 9134ο
1418 987 1508 1022 οὐδὲ
1534 987 1607 1030 γὰρ

189 1052 298 1086 αὐτοὶ
323 1051 373 1094 (οἱ
399 1051 474 1086 ἀπὸ
499 1052 568 1094 τῆς
586 1051 706 1093 Στοᾶς
733 1053 793 1085 καὶ
820 1053 890 1085 τοῦ
905 1050 1142 1094 Περιπάτου)
1167 1055 1223 1095 τῷ
1250 1051 1457 1096 Ἐπικούρῳ
1485 1051 1606 1085 διδόα-

188 1124 249 1150 σιν
275 1115 371 1159 ὑπὲρ
398 1118 479 1150 τῶν
506 1115 694 1158 μεγίστων
721 1115 879 1159 σμικρὸν
906 1116 1009 1150 οὕτω
1036 1118 1190 1159 πρᾶγμα
1217 1117 1278 1150 καὶ
1304 1118 1465 1159 φαῦλον,
1492 1116 1605 1159 οἶμαι,

189 1181 364 1224 ἄτομον
390 1182 696 1224 παρεγκλῖναι
723 1180 809 1224 μίαν
837 1181 908 1215 ἐπὶ
931 1181 1245 1223 τούλάχιστον,
1266 1180 1387 1221 ὅπως
1406 1181 1527 1224 ἄστρα
1545 1182 1606 1216 καὶ

125 1254 159 1279 16
184 1247 266 1289 ζῷα
292 1246 352 1280 καί
377 1245 492 1288 τύχη
519 1245 806 1289 παρεισέλθῃ
834 1246 982 1280 καὶτὸ
1012 1245 1083 1287 ἐφ’
1118 1245 1224 1287 ἡμῖν
1252 1245 1308 1286 μὴ
1342 1245 1605 1287 ἀπόληται·

186 1310 375 1345 δεικνύναι
402 1311 442 1345 δέ
467 1310 513 1344 τὸ
532 1310 676 1353 ἄδηλον
700 1310 722 1351 ἢ
742 1311 945 1352 λαμβάνειν
971 1321 1005 1344 τι
1024 1312 1103 1343 τῶν
1123 1309 1327 1353 προδήλων
1350 1310 1605 1353 (κελεύουσι).

186 1375 230 1410 cs.
257 1375 439 1408 Lucretius
466 1384 495 1409 11
521 1373 712 1409 251--293
739 1375 896 1408 Galenus
925 1376 967 1407 de
997 1375 1169 1418 Hippocr.
1196 1380 1231 1407 et
1257 1373 1348 1408 Plat.
1376 1375 1497 1415 dogm.
1524 1383 1563 1406 lv
1582 1372 1604 1406 4

185 1440 208 1473 t.
236 1449 261 1473 v
286 1451 321 1480 p.
340 1439 410 1474 389
436 1440 488 1472 K.
515 1438 596 1478 8131,
617 1438 662 1473 14
688 1438 812 1473 Muell.

90 1514 161 1549 ‘282
187 1518 230 1549 cs.
257 1515 428 1550 Clement.
455 1526 596 1557 recogn.
623 1525 695 1549 vlu
724 1516 768 1549 16
783 1527 836 1559 sq.
870 1515 916 1548 ‘si
951 1516 1075 1548 mundi
1111 1516 1272 1548 conditor
1300 1516 1391 1548 deus
1428 1526 1506 1548 esse
1533 1521 1603 1548 tam

123 1588 159 1614 20
186 1580 369 1613 euidenter
399 1582 607 1620 ostenditur,
637 1581 698 1625 qui
726 1581 790 1613 erit
816 1581 970 1624 Epicuro
998 1581 1100 1613 locus
1127 1581 1378 1613 introducendi
1405 1587 1542 1613 atomos
1569 1586 1604 1612 et

183 1645 371 1678 adserendi
403 1647 499 1690 quod
537 1657 578 1679 ex
611 1646 833 1689 corpusculis
865 1646 1129 1679 insensibilibus
1162 1657 1232 1678 non
1264 1646 1381 1679 solum
1417 1645 1603 1678 sensibilia

183 1719 342 1753 corpora,
367 1711 430 1743 scd
459 1715 494 1743 et
521 1713 660 1745 mentes
686 1710 952 1743 intellectuales
978 1722 1016 1743 ac
1045 1711 1238 1743 rationales
1265 1710 1370 1743 fiant?
1398 1710 1470 1742 Sed
1489 1710 1600 1748 dices,

183 1779 220 1805 ut
244 1774 399 1816 Epicuro
424 1775 540 1807 uisum
568 1780 633 1819 est⁷
662 1776 931 1808 continuatione
960 1780 1154 1808 atomorum
1176 1775 1390 1807 indesinenti
1417 1784 1520 1806 cursu
1541 1784 1600 1806 ue-

182 1838 362 1878 nientium,
393 1849 452 1882 per
479 1839 649 1872 immensa
678 1850 712 1872 et
742 1839 816 1872 sine
843 1839 912 1872 fine
940 1844 1100 1883 tempora
1126 1839 1345 1872 miscentium
1372 1849 1408 1871 se
1434 1843 1541 1881 atque
1567 1838 1603 1870 in

122 1907 156 1932 25
183 1911 292 1933 unum
323 1901 612 1944 conglobantium
646 1912 797 1945 corpora
824 1901 940 1934 solida
966 1902 1164 1934 efficiuntur
1181 1928 1188 1936 .
1206 1929 1212 1935 .
1229 1928 1236 1934 .
1254 1927 1261 1935 .
1279 1903 1376 1935 aiunt
1404 1902 1497 1934 enim
1525 1914 1604 1935 cor-

184 1965 331 2008 puscula
365 1966 441 2010 ipsa
472 1975 564 2009 quae
598 1972 732 1998 atomos
768 1965 962 2009 appellant,
995 1965 1147 1999 diuersis
1182 1976 1262 1998 esse
1294 1966 1536 2010 qualitatibus,
1568 1972 1602 2000 et

183 2030 249 2063 alia
280 2031 423 2074 quidem
462 2030 582 2063 umida
614 2037 649 2063 et
682 2031 731 2062 ob
764 2030 833 2063 hoc
864 2031 988 2072 grauia
1021 2041 1061 2063 ac
1097 2031 1263 2063 deorsum
1297 2031 1491 2069 tendentia,
1534 2031 1602 2063 alia

184 2105 269 2128 uero
298 2095 396 2128 arida
423 2102 456 2128 et
480 2099 620 2128 terrena
645 2101 749 2138 atque
776 2095 824 2128 ob
850 2089 918 2128 hoc
945 2095 1057 2129 nihilo
1086 2096 1200 2128 minus
1226 2096 1357 2137 grauia,
1387 2095 1456 2128 alia
1485 2101 1601 2129 autem

184 2160 289 2201 ignea
314 2165 348 2193 et
375 2160 422 2192 ob
450 2159 518 2194 hoc
547 2171 685 2193 sursum
712 2171 850 2203 semper
876 2160 1036 2204 nitentia,
1064 2160 1136 2193 alia
1161 2172 1246 2194 uero
1264 2161 1389 2202 frigida
1416 2169 1450 2193 et
1467 2161 1514 2192 ob
1532 2160 1602 2192 hoc

122 2231 157 2257 30
186 2225 286 2268 pigra
312 2230 347 2258 et
373 2234 514 2268 semper
539 2223 684 2258 media’.

70 2298 160 2334 283·
305 2298 483 2334 IVSTINVS
511 2298 556 2332 de
582 2299 843 2332 resurrectione
876 2309 906 2333 c.
932 2300 954 2333 (3
983 2299 1021 2342 (t.
1049 2308 1079 2332 11
1106 2310 1139 2343 p.
1160 2298 1230 2334 230
1249 2310 1302 2343 sq.
1329 2300 1386 2333 ed.
1411 2300 1515 2343 Otto)
1541 2300 1601 2334 καὶ

185 2363 282 2398 κατὰ
312 2363 381 2398 τὸν
404 2356 627 2407 Ἐπίκουρον
661 2363 701 2397 δὲ
732 2365 814 2397 τῶν
849 2362 1004 2405 ἀτόμων
1041 2362 1251 2407 ἀφθάρτων
1282 2363 1412 2398 οὐσῶν
1446 2365 1506 2399 καὶ
1532 2367 1602 2399 τοῦ

183 2430 297 2463 κενοῦ
323 2427 425 2472 παρὰ
451 2428 523 2470 τὴν
547 2428 662 2463 ποιὰν
678 2427 782 2463 τάξιν
808 2428 869 2462 καὶ
895 2428 999 2462 θέσιν
1021 2429 1100 2462 τῶν
1126 2427 1283 2470 ἀτόμων
1302 2429 1602 2472 συντεθειμένων

306 2548 327 2584 Ἰ
354 2549 461 2582 ualde
488 2549 635 2582 dubium
662 2548 707 2581 ab
734 2548 861 2592 ipsone
891 2549 1045 2592 Epicuro
1069 2548 1158 2582 haec
1187 2550 1280 2583 dicta
1305 2550 1374 2584 sint
1391 2550 1407 2594 ΙΙ
1426 2551 1470 2585 14
1496 2551 1602 2594 ὅπως

184 2611 236 2654 εἰς
260 2612 334 2655 τὴν
361 2613 465 2656 ζωὴν
491 2613 515 2656 ἡ
541 2613 639 2656 τύχη
663 2613 872 2646 Gassendus
890 2613 906 2656 l}
926 2613 969 2647 15
995 2613 1040 2648 τὸ
1067 2613 1129 2657 ἐφ’
1149 2614 1253 2659 ἡμῖν]
1281 2615 1324 2647 cf.
1356 2615 1396 2648 sr.
1423 2615 1494 2649 378
1508 2626 1561 2659 sq.
1587 2614 1604 2661 Η

183 2670 231 2706 23
256 2674 548 2706 continuationes
575 2673 685 2706 edunt
708 2672 724 2717 ll
752 2672 798 2707 *26
819 2683 896 2716 sqq.
923 2683 996 2706 non
1024 2679 1184 2706 accurate
1217 2675 1368 2718 scriptor
1403 2676 1508 2707 refert
1559 2675 1602 2709 cs.

184 2730 224 2765 fr.
249 2730 319 2766 287
336 2742 390 2775 sq.
