1846 3288
468 252 534 285 DE
559 252 839 285 POSTREMIS
866 251 1055 286 SECTAE
1080 251 1226 285 FATIS
1410 252 1558 286 LXXV

144 380 285 418 praep.
316 379 379 406 eu.
399 374 484 408 xlv
506 369 573 418 21,
593 370 612 406 1
635 380 673 418 p.
695 369 794 407 769a
829 365 890 408 ἔτι
910 366 959 416 γέ
987 379 1053 408 τοι
1084 366 1169 408 καὶ
1198 368 1292 409 νῦν
1322 370 1451 418 inquit
1472 380 1557 410 τοι·

145 432 254 475 αῦτά
293 446 387 475 τινα
425 432 629 482 λέγουσιν
658 431 700 474 οἱ
729 433 827 484 περὶ
861 433 939 476 τὸν
966 433 1228 485 Ἐπίκουρον
1258 442 1299 474 et
1330 435 1555 474 Numenius

144 502 242 541 ibid.
272 508 358 542 XIV
379 504 418 550 5,
448 504 472 540 3
500 514 538 552 p.
563 502 665 540 728²
697 502 754 552 (p.
778 505 830 542 29
862 500 1123 554 Theclingae)
1165 501 1276 543 ἔοικέ
1310 514 1356 543 τε
1386 501 1412 552 ἡ
1443 501 1555 544 Ἐπι-

144 567 305 620 κούρου
358 567 552 620 διατριβὴ
603 568 798 623 πολιτείᾳ
840 568 918 610 τινὶ
966 567 1116 620 ἀληθεῖ
1158 567 1556 624 ἀστασιαστοτάτῃ,

78 635 84 641 ”
144 636 291 678 κοινὸν
333 634 411 678 ἕνα
447 637 568 686 νοῦν,
599 634 698 686 μίαν
728 636 902 687 γνώμην
932 636 1108 690 ἐχούσῃ,
1139 636 1210 688 ἐφ’
1230 635 1281 688 ἦς
1312 636 1443 687 ἦσαν
1474 639 1556 680 καὶ

143 702 259 745 εἰσὶ
302 702 383 745 καὶ
423 702 490 755 ὡς
535 701 714 746 ἔοικεν
744 701 966 745 ἔσονται
996 703 1319 755 φιλακόλουθοι,
1350 708 1406 746 ita
1436 708 1556 745 dubi-

144 773 220 810 tari
262 773 404 823 nequit
453 772 549 822 quin
595 773 647 810 de
693 784 768 810 suo
814 780 1000 822 tempore
1042 774 1225 811 Laertius
1255 777 1334 814 XO
1380 787 1463 812 non
1505 776 1557 813 sit

143 840 337 877 mentitus
364 837 390 889 ἥ
421 850 468 879 τε
489 837 671 889 διαδοχὴ
704 838 810 889 (τῶν
841 837 1170 889 Ἐπικουρείων).
1202 841 1357 881 πασῶν
1393 841 1556 892 σχεδὸν

143 905 420 948 ἐκλιπουσῶν
448 907 535 947 τῶν
566 905 721 957 ἄλλων,
753 906 800 957 ἐς
828 905 894 947 ἀεὶ
925 906 1192 957 διαμένουσα
1223 907 1291 949 καὶ
1321 908 1555 961 νηρίθμους

142 972 281 1025 ἀρχὰς
312 972 574 1016 ἀπολύουσα
612 971 749 1025 ἄλλην
779 972 823 1015 ἐξ
855 972 990 1025 ἄλλης
1021 976 1109 1017 τῶν
1142 975 1378 1027 γνωρίμων.

256 1045 381 1083 etiam
419 1044 540 1083 tertio
579 1044 748 1082 saeculo
788 1051 831 1082 et
862 1044 1032 1081 ineunte
1063 1052 1207 1093 quarto
1236 1046 1361 1095 uiguit
1391 1047 1556 1096 Epicuri

143 1111 369 1163 disciplina.
416 1112 551 1161 ampla
569 1108 679 1161 Περὶ
708 1108 890 1161 φύσεως
913 1114 1260 1151 commentatione
1291 1114 1554 1152 refutandum

145 1178 220 1218 sibi
254 1179 473 1229 Epicurum
504 1186 733 1231 sumpserat
763 1179 985 1229 Dionysius
1018 1179 1293 1218 Alexandriae
1335 1183 1554 1232 episcopus

143 1244 197 1295 (a.
231 1245 470 1296 249—265)
483 1245 510 1286 ¹.
557 1259 691 1296 neque
714 1247 877 1285 hercule
901 1260 981 1296 quo
1003 1248 1274 1285 eruditionem
1306 1250 1554 1300 uenditaret,

142 1315 217 1352 sed
249 1316 363 1364 quod
405 1315 541 1353 ualere
581 1327 758 1352 errorem
797 1314 1043 1352 christianae
1078 1316 1239 1353 ueritati
1268 1316 1460 1354 infestum
1491 1319 1549 1355 ui·

143 1382 271 1420 debat
300 1379 566 1421 Lactantius2
605 1387 689 1420 tam
727 1394 852 1431 saepe
884 1388 1049 1431 tamque
1082 1383 1228 1420 acriter
1257 1384 1297 1420 in
1327 1384 1550 1434 Epicureas

141 1450 356 1499 opiniones
396 1449 609 1498 inuehitur,
640 1450 710 1500 qui
751 1450 893 1487 librum
926 1451 980 1487 de
1011 1450 1067 1488 ira
1098 1451 1164 1487 <lei
1202 1458 1358 1489 tantum
1398 1464 1479 1489 non
1510 1453 1548 1490 in

141 1517 366 1567 Epicureos
398 1518 586 1557 intendit.

244 1585 317 1623 sed
336 1592 432 1624 ante
448 1585 631 1623 medium
647 1585 855 1623 saeculum
874 1591 1059 1633 quartum
1078 1585 1218 1623 hortus
1234 1587 1396 1635 Epicuri
1413 1589 1549 1625 deser-

139 1656 205 1689 tus
226 1652 363 1691 iacuit.
389 1653 505 1690 cuius
529 1653 586 1690 rei
610 1658 737 1690 testes
755 1658 848 1689 sunt
871 1653 965 1701 imp.
989 1653 1163 1703 lulianus
1179 1665 1217 1702 p.
1237 1655 1316 1692 551
1342 1654 1428 1693 Pet.
1447 1656 1549 1694 301⁶

139 1718 290 1768 Spanh.
323 1717 428 1768 μήτε
458 1716 753 1770 Ἐπικούρειος
783 1716 929 1759 εἰσίτω
961 1717 1093 1768 λόγος
1129 1717 1232 1768 μήτε
1249 1718 1550 1770 Πυρρώνειος·

136 1783 218 1835 ἤδη
254 1785 332 1836 μὲν
370 1785 452 1836 γὰρ
489 1786 634 1837 καλῶς
670 1787 900 1836 ποιοῦντες
948 1784 987 1826 οἱ
1027 1784 1116 1826 θεοὶ
1154 1784 1222 1826 καὶ
1266 1785 1549 1840 ἀνῃρήκασιν,

138 1851 249 1903 ὥςτε
281 1851 512 1895 ἐπιλείπειν
538 1853 607 1895 καὶ
635 1853 687 1895 τὰ
709 1854 895 1895 πλεῖστα
920 1856 1008 1894 τῶν
1034 1852 1203 1904 βιβλίων
1234 1861 1277 1892 et
1297 1855 1550 1905 Augustinus

137 1922 193 1958 ad
224 1921 467 1960 Dioscorum
498 1923 611 1972 epist.
640 1929 791 1962 CXVIII
822 1924 869 1961 21
908 1928 932 1959 t.
956 1930 990 1961 ΙΙ
1021 1935 1059 1971 p.
1084 1923 1184 1960 337c
1220 1923 1285 1960 ed.
1312 1922 1413 1960 Ven.
1442 1925 1548 1962 1729

136 1985 261 2038 ‘quos
292 1984 335 2040 (i.
367 2002 401 2029 e.
434 1990 658 2040 Epicureos
689 1997 731 2027 et
762 1987 936 2038 Stoicos)
978 1991 1058 2027 iam
1093 1996 1204 2027 certe
1236 1997 1374 2028 nostra
1407 1995 1544 2028 aetate

137 2056 195 2094 sic
217 2056 474 2095 obmutuisse
499 2058 785 2108 conspicimus,
816 2064 861 2094 ut
889 2058 956 2095 uix
978 2058 1058 2095 iam
1090 2058 1130 2094 in
1162 2057 1311 2095 scholis
1342 2058 1548 2095 rhetorum

137 2130 479 2164 commemoretur
524 2132 700 2172 tantum,
754 2137 861 2175 quae
908 2125 1054 2163 fuerint
1101 2126 1257 2163 illorum
1306 2127 1548 2164 sententiae.

137 2191 362 2230 certamina
401 2198 539 2230 tamen
572 2193 698 2231 etiam
738 2193 793 2230 de
826 2192 1118 2243 loquacissimis
1151 2193 1404 2231 Graecorum
1434 2204 1549 2242 gym-

259 2329 276 2364 1
303 2330 482 2364 Eusebius
525 2331 574 2374 {ui
610 2331 754 2373 eclogas
787 2330 884 2363 illius
918 2331 1139 2364 refutationis
1166 2332 1341 2374 pretiosas
1367 2342 1549 2376 praepara-

136 2389 223 2421 tioni
252 2399 376 2431 euang.
402 2399 470 2424 XIV
499 2389 546 2424 23
570 2409 589 2414 --
611 2388 669 2429 27,
695 2389 739 2424 1‘2
764 2401 798 2433 p.
828 2388 1048 2424 wize—783
1080 2390 1238 2429 inseruit,
1281 2391 1377 2432 quod
1409 2402 1443 2434 p.
1463 2391 1550 2426 784·

136 2446 329 2493 Διονυσίῳ
353 2451 422 2494 >τῷ
456 2449 564 2484 καθ’
596 2449 717 2492 ἡμᾶς
750 2448 946 2493 ἑπισκόπῳ
981 2449 1115 2488 scribit,
1147 2450 1239 2482 bene
1274 2449 1467 2493 explicatur
1499 2452 1548 2484 eis

136 2517 227 2550 quae
254 2507 298 2540 ad
323 2508 429 2541 Bakii
452 2509 684 2541 Posidonium
709 2520 743 2553 p.
762 2508 832 2542 263
847 2520 898 2552 sq.
925 2508 1223 2551 XVyttenbachius
1249 2509 1443 2543 adnotauit.

255 2565 278 2601 2
305 2573 448 2601 auctore
473 2568 582 2601 utitur
608 2575 749 2612 praeter
774 2569 975 2601 Lucretium
1003 2568 1150 2600 maxime
1166 2568 1350 2602 Cicerone.
1388 2580 1430 2601 ex
1456 2570 1548 2602 Hor-

137 2625 252 2658 tensio
279 2632 418 2670 sumpta
443 2633 498 2660 est
523 2628 773 2661 sententiarum
797 2628 1023 2671 pugnantium
1052 2626 1205 2660 conlatio
1224 2631 1257 2659 et
1285 2627 1487 2661 acutissima
1513 2635 1546 2660 et

137 2693 213 2718 cum
239 2685 310 2718 fide
335 2686 492 2719 instituta
518 2687 591 2720 diu.
617 2687 696 2720 inst.
723 2697 768 2720 111
791 2686 845 2725 17,
863 2686 957 2721 3-(5
985 2686 1029 2719 cf.
1049 2686 1103 2725 16,
1122 2686 1155 2719 9.
1177 2686 1231 2720 13.
1271 2687 1445 2719 Varronis
1471 2687 1547 2729 log-

136 2743 341 2778 historicum
366 2746 592 2779 Tuberonem
619 2747 710 2779 libro
737 2747 780 2778 de
808 2746 950 2790 opificio
977 2746 1037 2778 dei
1064 2746 1233 2790 conpihat,
1265 2749 1302 2779 ut
1332 2746 1423 2779 uidit
1449 2746 1546 2789 Aug.

137 2803 398 2837 Wilmanusius
425 2805 468 2837 de
489 2805 588 2840 Varr.
616 2805 639 2840 1.
668 2816 809 2848 gramm.
837 2817 869 2849 p.
890 2804 947 2839 36.
