1842 3250
201 1397 271 1433 276

305 235 372 268 196
783 237 987 268 EPICVRI
1015 234 1230 267 PHYSICA

304 348 406 388 ἔλεγε
438 348 517 388 δύο,
558 348 715 389 μέγεθός
747 358 788 381 τε
821 349 880 381 καὶ
913 349 1054 389 σχῆμα·
1097 348 1117 381 ὁ
1152 347 1191 381 δὲ
1218 346 1434 390 Ἐπίκουρος
1464 347 1614 389 τούτοις
1645 348 1704 381 καὶ

302 412 429 456 τρίτον
455 413 566 454 βάρος
593 413 845 455 προσέθηκεν’
875 412 1020 454 ἀνάγκη
1044 412 1126 455 γάρ,
1154 411 1258 454 φησί,
1287 414 1466 446 κινεῖσθαι
1487 411 1533 445 τὰ
1552 411 1708 452 σώματα

303 480 348 519 τῇ
375 481 444 511 τοῦ
475 477 612 520 βάρους
637 478 746 520 ὁλκῇ·
776 477 856 511 ἐπεὶ
881 477 925 510 οὐ
952 476 1203 519 κινηθήσεται.

302 539 450 573 Smxmvs
477 551 568 581 emp.
591 540 673 573 adu.
693 540 848 580 dogmat.
869 547 907 572 1v
927 539 1104 581 (mathem.
1124 539 1163 580 x)
1182 540 1252 573 240
1279 539 1430 573 ἐπειδὰν
1457 540 1547 583 λέγῃ
1574 541 1595 574 ὑ
1614 539 1708 574 Ἐπί·

303 614 436 647 κουρος
468 604 512 638 τὸ
545 605 653 645 σῶμα
689 607 790 637 νοεῖν
825 604 906 638 κατ’
938 604 1176 639 ἑπισύνθεσιν
1208 604 1389 646 μεγέθους
1424 605 1484 638 καί
1520 604 1711 647 σχήματος
1731 613 1746 637 5

300 669 360 702 καὶ
396 667 613 710 ἀντιτυπίας
647 669 706 701 καὶ
740 668 889 711 βάρους,
929 668 969 702 ἐκ
1003 669 1051 709 μὴ
1085 669 1209 702 ὄντων
1243 668 1432 708 σωμάτων
1466 669 1627 711 βιάζεται
1662 668 1707 702 τὸ

300 735 408 774 σῶμα
434 736 546 767 νοεῖν.

300 798 347 829 id.
374 798 443 831 257
482 797 697 839 Ἐπίκουρος
723 797 850 839 φήσας
877 797 971 831 κατὰ
998 797 1203 841 ἀθροισμὸν
1232 796 1423 839 σχήματός
1448 808 1490 832 τε
1518 799 1577 831 καὶ
1604 797 1709 839 μεγέ-

299 864 388 902 θους
416 862 473 895 καὶ
501 861 721 902 ἀντιτυπίας
746 863 805 895 καὶ
833 861 970 904 βάρους
995 862 1039 895 τὸ
1069 864 1177 902 σῶμα
1202 863 1415 904 νενοήσθω.

298 926 391 958 idem
420 927 505 959 ibid.
527 934 554 959 v
576 928 697 963 (math.
719 932 777 969 Χῖ)
796 926 865 959 226
897 926 962 960 ἐάν
988 937 1028 960 τε
1056 926 1128 968 γὰρ
1155 925 1358 968 άθροισμός
1384 936 1440 967 τις
1466 925 1488 969 ᾗ
1514 926 1558 960 τὸ
1589 927 1708 968 σῶμα,

297 991 348 1031 ὥς
374 999 491 1033 φησιν
518 991 537 1024 ὁ
564 990 789 1033 Ἐπίκουρος,
818 990 999 1031 μεγέθους
1026 991 1085 1024 καὶ
1111 989 1302 1032 σχήματος
1328 991 1388 1024 καί
1415 988 1634 1030 ἀντιτυπίας
1652 1009 1708 1023 -—-.

298 1053 554 1089 PLVTAncflvs
581 1057 661 1089 adu.
689 1056 842 1088 Coloten
869 1055 890 1087 8
915 1066 949 1098 p.
973 1054 1080 1088 lllOf
1124 1057 1245 1088 ταῦτα
1270 1057 1350 1088 τῶν
1375 1054 1596 1098 Ἐπικούρου
1622 1055 1710 1097 δογ·

298 1120 428 1161 μάτων
461 1120 583 1161 οὕτως
617 1119 808 1163 ἀχώριστά
843 1121 944 1154 ε’στιν
979 1120 1029 1161 ὡς
1061 1119 1106 1153 τὸ
1138 1121 1263 1162 σχῆμα
1296 1119 1355 1154 καὶ
1387 1119 1433 1153 τὸ
1462 1118 1574 1163 βάρος
1601 1119 1709 1154 αὐτοὶ

296 1186 365 1227 τῆς
390 1184 534 1226 ἀτόμου
560 1184 722 1225 λέγουσι.

345 1318 412 1350 DE
437 1317 577 1349 MOTV

415 1398 635 1431 &numen-s
661 1398 699 1429 in
717 1397 827 1429 Arist.
849 1398 893 1429 de
912 1397 1012 1429 caelo
1033 1396 1053 1430 Γ
1076 1398 1090 1430 1
1113 1401 1160 1440 (ρ.
1176 1397 1264 1430 299“
1279 1397 1339 1439 25)
1365 1409 1399 1440 p.
1418 1397 1506 1430 254¹»
1520 1398 1564 1431 27
1584 1399 1708 1432 Karst.

297 1462 384 1496 510²>
403 1465 449 1496 50
475 1463 603 1494 Brand.
655 1464 689 1495 οὶ
723 1462 795 1504 γὰρ
831 1462 915 1504 περὶ
943 1461 1186 1504 Δημόκριτον
1219 1462 1278 1495 καὶ
1307 1462 1467 1504 ὕστερον
1494 1460 1709 1505 Ἐπίκουρος

295 1527 363 1568 τὰς
388 1526 552 1567 ἀτόμους
578 1526 701 1566 πάσας
727 1526 908 1567 ὁμοφυεῖς
935 1525 1051 1566 οὔσας
1079 1526 1190 1568 βάρος
1217 1525 1314 1567 ἔχειν
1339 1524 1443 1568 φασί,
1471 1528 1525 1569 τῷ
1548 1526 1589 1559 δὲ
1613 1526 1708 1560 εἶναί

293 1602 377 1626 τινα
397 1592 591 1634 βαρύτερα.
620 1590 858 1631 ἐξωθούμενα
885 1589 932 1623 τὰ
959 1589 1177 1631 κουφότερα
1204 1588 1266 1622 ὑπ’
1287 1590 1414 1623 αὐτῶν
1443 1589 1707 1632 ὑφιζανόντων

295 1657 354 1690 ἐπὶ
389 1656 434 1689 τὸ
466 1656 544 1689 ἄνω
578 1655 776 1697 φέρεσθαι,
818 1655 877 1687 καὶ
916 1654 1018 1687 οὕτω
1053 1654 1229 1694 λέγουσιν
1264 1653 1370 1687 οὗτοι
1404 1654 1528 1688 δοκεῖν
1560 1654 1608 1687 τὰ
1640 1655 1707 1694 μὲν

295 1724 420 1763 κοῦφα
449 1721 552 1755 εἶναι.
579 1719 627 1752 τὰ
654 1720 693 1752 δέ
723 1719 847 1761 βαρέα.

293 1784 513 1818 SIMPLJCWS
542 1785 577 1817 in
605 1785 715 1815 Arist.
746 1785 789 1815 de
817 1783 916 1815 cael«)
944 1783 971 1816 Α
999 1783 1021 1815 8
1047 1782 1096 1825 (p.
1115 1782 1203 1815 277ὴ
1227 1782 1257 1825 1)
1284 1794 1318 1826 ρ.
1337 1784 1422 1816 121²
1447 1784 1498 1817 18.
1518 1784 1559 1816 31
1582 1785 1706 1817 Karst.

294 1849 417 1882 486⁸4
436 1849 564 1881 Brand.
603 1848 649 1881 τὰ
677 1848 749 1890 γὰρ
777 1847 1000 1889 στοιχειώδη
1028 1847 1186 1887 σώματα
1213 1847 1235 1889 ἢ
1262 1847 1359 1880 κατὰ
1384 1847 1455 1889 τὴν
1482 1847 1610 1881 αὑτῶν
1636 1848 1706 1890 φύ-

294 1922 352 1947 σιν
379 1916 532 1947 κινεῑται
562 1913 584 1954 ὴ
613 1913 674 1945 ὑπ’
704 1913 818 1946 άλλου
854 1912 956 1952 τινὸς
983 1912 1175 1955 φερόμενα
1202 1912 1224 1953 ἢ
1252 1912 1313 1946 ὑπ’
1343 1911 1514 1953 ἀλλήλων
1542 1912 1705 1955 ἐκθλιβό-

293 1988 385 2019 μενοι
533 1977 591 2010 ὅτι
619 1978 658 2010 δὲ
689 1977 779 2010 οὐδὲ
806 1979 852 2020 τῇ
882 1977 943 2010 ὑπ’
973 1975 1146 2019 ἀλλήλων
1173 1975 1341 2018 ἐκθλίψει
1368 1977 1567 2019 βιαζόμενα
1598 1979 1702 2011 κινεῑ-

292 2053 363 2077 ται,
396 2041 582 2076 δείκνυσιν
610 2042 754 2084 ἑφεξῆς.
807 2041 950 2082 ταύτης
978 2041 1017 2074 δὲ
1044 2040 1223 2081 γεγόνασι
1250 2043 1317 2081 τῆς
1345 2040 1455 2082 δόξης
1481 2039 1559 2081 μετ’
1587 2040 1705 2074 αὐτὸν

292 2106 471 2149 Στράτων
498 2107 518 2140 ὁ
545 2105 802 2148 Λαμψακηνός
835 2115 876 2139 τε
907 2105 967 2138 καὶ
994 2103 1221 2147 Ἐπίκουρος,
1261 2106 1336 2138 πᾶν
1370 2107 1479 2146 σῶμα
1513 2104 1705 2147 βαρύτητα

291 2171 389 2212 ἔχειν
410 2169 626 2212 νομίζοντες
652 2171 712 2204 καὶ
740 2169 834 2212 πρὸς
860 2169 905 2202 τὸ
932 2169 1046 2210 μέσον
1073 2169 1267 2212 φέρεσθαι,
1294 2172 1349 2212 τῷ
1377 2169 1417 2202 δὲ
1442 2168 1490 2203 τὰ
1517 2169 1704 2212 βαρύτερα

291 2231 485 2278 ὑφιζάνειν
518 2235 565 2268 τὰ
600 2234 716 2276 ἦττον
750 2233 865 2276 βαρέα
897 2233 960 2267 ὑπ’
988 2232 1142 2268 ἐκείνων
1177 2231 1409 2275 ἐκθλίβεσθαι
1443 2231 1502 2276 βίᾳ
1534 2233 1627 2276 πρὸς
1658 2233 1703 2266 τὸ

292 2301 384 2342 ἄνω,
421 2300 515 2340 ὥςτε
543 2299 574 2333 εἴ
598 2310 653 2340 τις
679 2300 809 2342 ύφεῖλε
835 2299 904 2340 τὴν
931 2300 1014 2340 γῆν,
1054 2299 1172 2334 ἐλθεῖν
1199 2298 1245 2332 ἂν
1271 2297 1316 2331 τὸ
1342 2298 1445 2341 ὕδωρ
1474 2297 1525 2339 εἰς
1550 2298 1595 2332 τὸ
1622 2297 1703 2332 κέν,

291 2374 394 2407 τρον,
422 2364 480 2398 καὶ
507 2364 539 2398 εἴ
564 2374 619 2404 τις
644 2364 688 2397 τὸ
715 2364 829 2406 ὕδωρ,
855 2363 923 2397 τὸν
950 2363 1053 2406 ἀέρα,
1081 2364 1142 2397 καὶ
1169 2362 1201 2397 εἰ
1226 2363 1294 2397 τὸν
1317 2362 1420 2406 ἀέρα,
1447 2363 1491 2397 τὸ
1518 2365 1605 2406 πῦρ.

292 2429 336 2461 cf.
362 2440 396 2472 p.
422 2427 504 2461 1211’
522 2428 567 2460 25
592 2429 642 2461 K.
671 2428 758 2460 486⁵
781 2429 823 2460 12
841 2428 898 2460 Bt.
925 2426 960 2461 οἱ
987 2427 1028 2461 δὲ
1056 2429 1126 2460 τοῦ
1151 2426 1277 2461 πάντα
1303 2426 1397 2469 πρὸς
1424 2426 1469 2460 τὸ
1496 2426 1611 2468 μέσον
1637 2426 1703 2469 φέ-

293 2495 421 2535 ρεσθαι
447 2492 541 2526 κατὰ
567 2493 682 2534 φύσιν
707 2490 909 2535 τεκμήριον
936 2491 1154 2533 κομίζοντες
1178 2491 1222 2524 τὸ
1248 2491 1316 2532 τῆς
1333 2492 1402 2532 γῆς
1424 2491 1704 2534 ὑποσπωμένης

414 2641 433 2672 3
461 2639 570 2683 ὁλκῇ]
598 2642 722 2684 πληγῇ
751 2641 834 2673 libri
873 2641 878 2682 Ι
918 2641 938 2674 4
964 2641 1007 2674 cs.
1027 2641 1127 2683 Epic.
1148 2651 1204 2684 ep.
1221 2648 1236 2673 1
1254 2638 1271 2685 ξ
1291 2641 1335 2673 54
1368 2638 1386 2686 ΙΙ
1422 2640 1464 2674 19
1484 2651 1536 2683 sq.
1556 2640 1598 2672 ef.
1618 2639 1702 2682 Epi-

290 2698 441 2740 phanius
467 2703 587 2731 contra
613 2699 708 2732 haer.
736 2707 746 2731 l
773 2700 806 2734 8.
829 2701 844 2733 1
872 2711 905 2742 p.
927 2698 987 2733 15⁹¹
1014 2705 1037 2733 t.
1057 2707 1070 2731 1
1096 2709 1130 2742 p.
1145 2698 1334 2737 295,1—5
1353 2699 1464 2732 Dind.
1495 2698 1543 2741 (p.
1560 2698 1701 2737 589,16

289 2757 420 2800 Diels.)
467 2758 472 2797 Ι
517 2758 562 2790 25
588 2758 676 2792 οὔτε
705 2758 919 2800 uolgabatur

1734 936 1767 960 10

1734 1324 1765 1351 15

1729 1663 1764 1688 20

1728 1984 1762 2010 25
