1842 3250
687 218 892 255 EPICVRI
918 218 1109 252 ETHICA
1537 213 1607 249 303

189 337 366 372 enuntiari
401 337 544 370 uidetur
574 336 627 380 (id
661 335 753 368 enim
787 334 965 376 agendum
998 341 1053 365 est
1082 336 1122 365 ut
1153 342 1226 365 non
1257 331 1379 364 uerbis
1412 330 1610 364 semiannus

190 403 256 436 aed
281 399 479 445 sensibus):
532 400 664 433 miser
697 404 762 432 est
794 398 868 442 qui
902 408 947 431 se
977 407 1061 430 nou
1093 395 1397 429 beatissimum
1424 395 1610 436 iudicat,

191 467 301 500 licet
327 467 513 509 imperet
538 463 724 498 mundo’.

152 543 168 568 4
192 532 236 565 cs.
262 530 435 564 Horatius
462 530 566 573 epist.
593 536 608 562 1
636 527 692 567 10,
711 524 757 561 44
783 527 914 560 ‘laetus
942 529 1038 559 sorte
1064 530 1123 558 tua
1149 525 1252 558 uiues
1283 522 1490 568 sapienter'.

98 621 168 655 475
309 613 488 659 honesta
518 623 582 649 res
615 616 679 648 est
708 610 819 649 laeta
850 615 1087 660 paupertas.

193 682 341 719 SENECA
360 684 463 727 epist.
482 683 515 721 2,
531 682 552 716 5
580 681 810 715 ‘hodiernum
833 681 903 714 hoc
929 685 984 713 est
1008 680 1106 723 quod
1134 679 1227 722 apud
1244 679 1437 722 Epicurum
1463 681 1612 711 nanetus

195 759 288 781 sum:
315 747 415 781 soleo
442 748 536 780 enim
563 752 597 781 et
621 747 659 779 in
686 746 803 779 aliena
829 749 945 778 castra
969 744 1121 777 transire
1147 754 1219 776 non
1237 749 1414 787 tamquam
1431 742 1614 784 transfuga

195 813 259 848 sed
284 818 461 856 tamquam
487 811 702 855 explorator.
735 811 923 844 honesta
948 809 1063 852 inquit
1089 819 1157 841 res
1184 835 1192 842 .
1212 835 1219 842 .
1240 834 1247 841 .
1275 812 1524 852 paupertas.
1549 805 1615 838 illa

195 888 281 910 uero
306 888 379 910 non
408 882 463 910 est
486 882 689 920 paupertas.
716 875 747 908 si
773 875 869 908 laeta
896 880 958 908 est.
992 884 1067 907 non
1092 873 1153 916 qui
1179 883 1301 917 parum
1328 872 1435 905 habet
1463 871 1528 904 sed
1554 871 1615 915 qui

140 956 173 980 10
195 943 277 986 plus
302 943 400 985 eupit
423 952 558 986 pauper
585 939 664 974 est’.

197 1008 243 1041 cs.
268 1007 439 1040 Horatius
465 1016 570 1039 carm.
597 1012 624 1040 11
654 1004 709 1044 16,
731 1004 773 1038 13
800 1005 906 1049 (infra
931 1015 966 1048 p.
985 1003 1066 1042 304,
1084 1003 1134 1046 8).

101 1100 172 1135 476
310 1086 659 1130 Πλουσιώτατον
691 1084 924 1136 αὐτάρκεια
955 1082 1146 1126 πάντων.

199 1160 378 1196 CLI-:mnus
411 1161 519 1193 Alex.
549 1165 670 1192 strom.
697 1165 742 1191 vt
770 1159 791 1192 2
817 1169 851 1201 p.
872 1156 953 1196 266,
974 1158 1019 1191 38
1059 1155 1138 1191 ἀλλ’
1165 1155 1365 1199 Εὐριπίδου
1401 1154 1619 1198 γράφοντος

199 1226 300 1261 ’ἐπεὶ
324 1224 371 1260 τά
397 1226 431 1267 γ’
451 1222 628 1269 ἀρκοῦνθ’
649 1223 759 1257 ἱκανὰ
782 1226 862 1264 τοῖς
887 1232 930 1263 γε
956 1221 1172 1266 σώφροσιν’
1198 1219 1417 1264 Ἐπίκουρος
1443 1218 1620 1262 ἄντικρύς

144 1303 174 1328 15
199 1298 295 1333 φησι
323 1288 691 1325 Πλουσιώτατον
718 1289 796 1322 κτλ.

201 1353 449 1389 Pom'nYmvs
475 1354 519 1386 ad
546 1353 757 1386 Marcellam
783 1352 828 1385 28
856 1363 889 1396 p.
909 1351 989 1390 208,
1013 1351 1055 1384 19
1081 1351 1220 1383 Nauck.
1263 1348 1322 1384 διό
1348 1357 1467 1392 φασιν
1493 1346 1530 1382 οἱ
1555 1358 1617 1391 φι-

198 1419 360 1463 λόσοφοι
392 1419 503 1454 οὐδὲν
540 1418 662 1459 οὕτως
696 1417 902 1458 ἀναγκαῖον
937 1416 989 1457 ὡς
1019 1415 1064 1449 τὸ
1097 1414 1296 1456 γινώσκειν
1329 1415 1453 1454 καλῶς
1486 1412 1532 1447 τὸ
1566 1411 1617 1454 μὴ

199 1483 416 1526 ἀναγκαῖον,
443 1481 798 1524 πλουσιωτάτην
826 1481 866 1515 δὲ
894 1482 988 1515 εἶναι
1015 1480 1199 1514 πάντων
1226 1479 1309 1521 τὴν
1336 1476 1618 1520 αὐτάρκειαν

201 1549 262 1583 καὶ
288 1547 428 1590 σεμνὸν
454 1546 500 1581 τὸ
526 1546 689 1589 μηδενὸς
716 1546 860 1580 δεῖσθαι
887 1544 1151 1586 λαμβάνονται.

146 1625 179 1651 20
203 1613 451 1653 AVGVSTINVS
478 1611 522 1643 de
542 1611 695 1643 utilitate
714 1610 884 1642 credendi
911 1620 940 1642 c.
959 1609 992 1647 4,
1011 1609 1055 1641 10
1080 1613 1104 1640 t.
1121 1614 1191 1641 VIII
1215 1618 1250 1650 p.
1267 1607 1331 1641 52⁸
1347 1607 1402 1640 ed.
1419 1607 1512 1640 Ven.
1529 1605 1620 1640 1729

203 1677 228 1710 ‘.
245 1702 253 1710 .
269 1702 276 1710 .
291 1676 323 1709 si
341 1676 422 1720 quis
437 1675 632 1718 Epicurum
651 1674 744 1706 lecto
766 1673 840 1706 eius
860 1673 896 1705 in
914 1672 1017 1705 libris
1037 1671 1158 1714 aliquo
1177 1671 1273 1709 loco,
1288 1671 1349 1702 ubi
1368 1669 1622 1702 continentiam

203 1741 337 1780 laudat,
367 1741 405 1773 in
428 1740 560 1772 uirtute
587 1739 690 1771 illum
718 1748 889 1771 summum
917 1724 1050 1770 bonum
1076 1737 1244 1780 posuisse
1271 1740 1451 1767 asseueret
1478 1739 1511 1766 et
1538 1734 1621 1766 ideo

205 1816 277 1840 non
302 1815 381 1838 esse
408 1802 655 1848 culpandum'.

110 1894 180 1929 477
316 1900 496 1938 magnae
521 1887 691 1925 diuitiae
715 1892 811 1924 sunt
833 1887 924 1934 lege
951 1892 1124 1924 naturae
1147 1885 1364 1934 conposita
1386 1889 1623 1933 paupertas.

149 1967 183 1994 ‘25
206 1957 354 1993 SENECA
382 1960 484 2003 epist.
513 1958 547 1997 4,
571 1959 612 1991 10
653 1957 734 1990 ‘sed
760 1962 798 1989 ut
812 1957 930 2006 =finem
959 1956 1135 1999 epistulae
1161 1957 1340 1999 inponam,
1380 1955 1500 1998 accipe
1527 1954 1625 1997 quod

206 2023 293 2055 mihi
332 2023 507 2056 hodierno
551 2021 609 2055 die
648 2022 794 2065 placuit.
860 2027 894 2053 et
929 2021 999 2054 hoc
1037 2030 1180 2064 quoque
1223 2030 1265 2052 ex
1303 2019 1430 2052 alienis
1472 2019 1625 2051 hortulis

209 2092 384 2131 sumptum
413 2092 486 2121 est:
516 2097 697 2128 magnae
726 2113 761 2120 ..
783 2111 790 2118 .
809 2111 816 2119 .
844 2091 1092 2129 paupertas,
1119 2084 1190 2117 lex
1216 2089 1330 2116 autem
1354 2084 1419 2115 ina
1445 2088 1625 2115 naturae

209 2152 279 2185 scis
310 2162 416 2195 quos
448 2152 581 2184 nobis
615 2152 829 2184 terminos
869 2149 1054 2182 statuat?
1098 2159 1182 2180 non
1221 2147 1403 2191 esurire,
1444 2158 1528 2180 nou
1570 2147 1627 2179 si-

209 2217 311 2256 tire,
345 2227 430 2249 non
457 2216 610 2257 algere
636 2242 643 2250 .
665 2243 672 2249 .
694 2243 700 2249 .
723 2243 730 2249 .
760 2213 922 2258 parabile
948 2218 1002 2246 est
1031 2214 1126 2256 quod
1152 2218 1274 2246 natura
1300 2211 1482 2245 desiderat
1508 2217 1542 2244 et
1568 2212 1627 2244 ad-

153 2292 187 2317 30
209 2281 375 2324 posittun.
420 2281 465 2314 ad
491 2291 711 2324 superuacua
735 2279 908 2312 sudatur’.

211 2346 260 2381 id.
278 2346 374 2385 27‚9
401 2346 482 2378 ‘sed
508 2346 629 2389 accipe
656 2346 725 2378 iam
752 2345 849 2388 quod
875 2344 991 2376 debeo
1021 2348 1055 2375 et
1084 2343 1184 2375 nale:
1211 2342 1426 2375 “diuitiae
1453 2346 1551 2372 sunt
1576 2339 1627 2371 ad

337 2513 355 2546 1
382 2514 576 2545 enuntiari
600 2513 663 2555 Mp
701 2513 897 2543 enuntiare
922 2510 952 2543 P
990 2510 997 2552 Ι
1036 2514 1089 2542 est
1113 2510 1168 2542 M:
1196 2520 1253 2541 om
1278 2509 1334 2552 pP
1379 2507 1396 2550 ss
1444 2509 1465 2542 5
1491 2514 1546 2542 est
1571 2519 1629 2542 om

215 2572 446 2614 fragmentum
465 2572 649 2603 Bernense
680 2570 695 2613 ss
733 2569 774 2604 12
795 2570 838 2602 cf.
858 2570 900 2601 fr.
917 2568 987 2601 202
1006 2579 1039 2612 p.
1058 2567 1136 2606 161,
1150 2567 1195 2601 25
1218 2567 1426 2599 Plutarchus
1447 2567 1490 2599 de
1512 2566 1629 2611 cupid.

215 2631 316 2665 diuit.
341 2631 365 2664 2
390 2641 426 2674 p.
446 2628 534 2664 523¹
557 2630 637 2664 ἐπεὶ
662 2631 742 2663 τῶν
767 2639 811 2669 γε
838 2627 1059 2671 ἀρκούντων
1087 2627 1210 2667 οὐδεὶς
1236 2626 1353 2669 πένης
1380 2625 1493 2668 ἐστίν,
1525 2637 1630 2669 quam

215 2690 426 2722 sententiam
444 2701 487 2722 ex
504 2690 660 2733 Epicuro
683 2693 856 2731 sumptam
875 2697 954 2720 esse
975 2686 1062 2719 scite
1084 2685 1292 2718 Gassendus
1310 2695 1346 2728 p.
1366 2685 1454 2718 1765
1473 2684 1605 2718 conicit
1627 2683 1632 2721 ’1

219 2749 262 2783 13
286 2748 408 2792 Eurip.
436 2748 573 2781 Phoen.
601 2748 670 2782 554
712 2745 729 2790 ss
770 2747 816 2780 26
842 2746 886 2778 cf.
916 2756 1021 2789 supra
1046 2745 1110 2778 1.7
1158 2745 1162 2787 ἶ
1210 2744 1353 2778 27—29
1381 2745 1424 2777 cs.
1452 2745 1492 2778 fr.
1512 2743 1583 2778 200
