1842 3250
88 2461 159 2495 256

185 252 251 284 188
637 250 841 282 EPICVRI
874 250 1134 283 CANONICA
1156 276 1159 278 ,

180 368 317 408 τῆσαι
344 365 454 407 μήτε
481 363 712 408 ἀπορήσαι
739 365 851 407 μηδὲ
879 365 962 406 μὴν
987 365 1193 406 δοξάσαι,
1218 364 1311 399 ἀλλ’
1333 365 1439 399 οὐδὲ
1467 365 1590 407 ἐλέγ-

183 433 252 464 Ξαι
278 430 415 473 χωρὶς
441 428 730 472 προλήψεως.

183 495 226 526 cf.
254 494 504 526 Theodoretus
531 504 601 524 cur.
630 493 753 526 Graec.
781 503 936 524 errorum
962 500 975 524 1
1002 492 1048 526 90
1074 504 1107 535 p.
1127 493 1172 525 42
1202 492 1312 525 Gaisf.

181 557 379 591 LAERTrvs
406 556 515 591 Dios.
536 567 562 590 x
583 557 626 590 33
652 557 724 599 τὴν
753 557 792 590 δὲ
818 557 1010 599 πρόληψιν
1036 557 1211 597 λέγουσιν
1238 556 1353 590 οἱονεὶ
1381 557 1592 599 κατάληψιν

180 624 203 665 ἢ
224 622 336 656 δόξαν
364 621 480 664 ὀρθὴν
498 621 521 662 ἢ
542 621 691 654 ἔννοιαν
719 620 741 660 ἢ
769 620 972 661 καθολικὴν
995 620 1127 662 νόησιν
1155 620 1460 663 ἐναποκειμένην,
1487 621 1591 654 τοῦτ’
1616 628 1633 653 5

182 688 262 722 ἔστι
299 686 447 728 μνήμην
482 687 551 719 τοῦ
587 684 765 724 πολλάκις
800 685 937 718 ἔξωθεν
972 684 1171 726 φανέντος,
1213 683 1294 718 οἷον
1331 684 1375 718 τὸ
1409 684 1592 719 Τοιοῦτόν

182 752 284 786 ἑστιν
310 751 527 793 ἄνθρωπος’
556 749 630 791 ἅμα
657 749 728 791 γὰρ
746 751 801 792 τῷ
820 748 979 791 ῥηθῆναι
999 748 1220 791 Ἀνθρωπος
1246 749 1356 790 εὐθὺς
1381 749 1476 784 κατὰ
1502 750 1592 793 πρό-

180 819 295 858 ληψιν
322 816 382 849 καὶ
408 816 428 848 ὁ
455 815 574 855 τύπος
606 814 726 847 αὐτοῦ
759 816 902 847 νοεῖται
935 813 1235 856 προηγουμένων
1261 816 1338 847 τῶν
1367 812 1591 855 αἰσθήσεων.

180 882 292 914 παντὶ
325 879 393 913 οὖν
427 878 585 920 ὀνόματι
611 878 656 912 τὸ
688 878 851 919 πρώτως
876 877 1185 917 ὑποτεταγμένον
1217 878 1371 920 ἐναργές
1398 878 1487 912 ἐστι.
1533 879 1592 912 καὶ

182 946 251 980 οὐκ
285 945 331 978 ἂν
365 944 600 986 ἐζητήσαμεν
633 943 678 976 τὸ
708 942 953 984 ζητούμενον,
995 941 1026 976 εἰ
1059 943 1108 983 μὴ
1144 943 1331 985 πρότερον
1368 943 1592 984 ἐγνώκειμεν
1620 951 1650 975 ιο

181 1011 286 1051 αὐτό,
328 1007 410 1043 οἷον
441 1009 492 1042 Τὸ
521 1008 652 1050 πόρρω
687 1007 807 1047 ἑστὼς
841 1007 957 1047 ἵππος
990 1007 1090 1040 ἐστὶν
1125 1007 1148 1048 ἢ
1176 1009 1278 1049 βοῦς;
1319 1008 1374 1041 δεῖ
1400 1007 1471 1050 γὰρ
1498 1007 1593 1041 κατὰ

181 1075 372 1117 πρόληψιν
400 1073 604 1114 ἐγνωκέναι
637 1072 731 1105 ποτὲ
763 1071 882 1105 ἵππου
909 1072 967 1104 καὶ
995 1071 1082 1113 βοὸς
1109 1071 1271 1114 μορφήν.
1316 1071 1395 1106 οὐδ’
1426 1072 1470 1105 ἂν
1498 1072 1592 1105 divo-

182 1138 352 1180 μάσαμέν
379 1148 414 1171 τι
441 1138 490 1179 μὴ
517 1138 704 1180 πρότερον
731 1136 850 1170 αὐτοῦ
877 1136 973 1170 κατὰ
998 1137 1189 1178 πρόληψιν
1214 1136 1282 1169 τὸν
1308 1136 1430 1170 τύπον
1457 1135 1592 1178 μαθόν-

181 1214 252 1244 τες.
283 1204 451 1246 ἐναργεῖς
477 1203 545 1236 οὖν
572 1201 664 1236 εἰσιν
694 1200 731 1236 αἱ
756 1200 974 1244 προλήψεις.

183 1267 325 1301 CICERO
353 1268 397 1299 de
424 1273 493 1299 nat.
521 1267 619 1298 deor.
644 1274 658 1298 1
680 1267 734 1305 16,
753 1267 798 1299 43
826 1265 934 1307 ‘quae
961 1272 1014 1298 est
1041 1267 1132 1298 enim
1160 1276 1246 1306 gens
1273 1270 1332 1297 aut
1358 1266 1456 1308 quod
1482 1275 1593 1306 genus
1620 1271 1651 1296 15

182 1333 376 1371 hominum,
414 1332 509 1374 quod
537 1342 607 1362 non
635 1331 766 1363 habeat
799 1331 875 1362 sine
909 1329 1069 1362 doctrina
1103 1330 1391 1372 anticipationem
1420 1330 1594 1372 quandam

184 1397 354 1429 deorum?
381 1407 486 1439 quam
506 1395 665 1438 appellat
682 1396 873 1438 πρόληψιν
893 1395 1079 1437 Epicurus,
1107 1395 1142 1426 id
1162 1400 1214 1426 est
1233 1399 1452 1436 anteceptam
1479 1394 1594 1426 animo

184 1462 234 1493 rei
268 1453 445 1504 quindam
477 1461 776 1502 informationem,
818 1460 893 1491 sine
923 1470 992 1501 qua
1020 1469 1084 1490 nec
1120 1458 1283 1498 intellegi
1317 1459 1504 1500 quicquam
1531 1467 1595 1489 nec

184 1526 306 1568 quaeri
334 1535 398 1556 nec
427 1525 600 1567 disputari
628 1529 756 1566 potest.
799 1524 898 1555 cuius
927 1524 1073 1555 rationis
1104 1523 1174 1554 uim
1203 1528 1308 1565 atque
1335 1522 1523 1554 utilitatem
1552 1533 1594 1554 ex

183 1590 248 1621 illo
275 1589 424 1622 caelesti
450 1589 598 1631 Epicuri
627 1589 670 1620 de
697 1588 822 1629 regula
849 1594 882 1619 et
908 1588 1042 1619 iudicio
1070 1587 1253 1619 uolumine
1282 1586 1508 1629 accepimus’.
1617 1592 1650 1618 20

184 1655 228 1687 cs.
257 1655 310 1692 17,
329 1655 375 1686 44
403 1653 593 1685 ‘fateamur
618 1658 780 1685 constare
806 1653 898 1684 illud
923 1654 1040 1691 etiarn,
1066 1652 1156 1685 hanc
1175 1663 1240 1684 nos
1262 1652 1392 1684 habere
1412 1652 1489 1684 siue
1510 1652 1595 1684 anti-

184 1719 411 1761 cipationem,
438 1723 476 1749 ut
503 1723 581 1749 ante
611 1718 696 1754 dixi,
725 1719 801 1749 siue
828 1718 1096 1759 praenotionem
1125 1717 1288 1748 deorum:
1317 1721 1397 1748 sunt
1426 1717 1517 1748 enim
1544 1726 1595 1748 re-

183 1784 250 1815 bus
279 1783 382 1815 nouis
409 1793 503 1815 noua
529 1783 696 1824 ponenda
722 1782 875 1819 nomina,
903 1789 938 1812 ut
958 1782 1133 1824 Epicurus
1160 1782 1237 1823 ipse
1261 1780 1452 1823 πρόληψιν
1479 1780 1596 1823 appel-

182 1848 283 1886 lauit,
311 1858 415 1890 quam
442 1854 544 1879 antea
569 1856 674 1878 nemo
702 1856 743 1878 eo
774 1846 886 1878 uerbo
914 1845 1137 1879 nominarat².

184 1910 441 1945 PLVTABCHVS
472 1921 526 1953 ap.
559 1911 765 1953 Olympiod.
797 1911 835 1942 in
867 1911 958 1943 Plat.
990 1910 1174 1943 Phaedon.
1207 1921 1240 1953 p.
1271 1911 1415 1948 125,10
1445 1909 1595 1941 Finckh.
1619 1913 1652 1940 25

184 1973 219 2008 οἱ
245 1975 286 2008 δὲ
314 1974 558 2016 Ἐπικούρειοι
589 1973 655 2014 τὰς
691 1972 899 2016 προλήψεις
932 1972 1140 2015 (αἰτιῶνται
1167 1975 1234 2006 τοῦ
1262 1974 1387 2015 ζητεῖν
1412 1973 1510 2015 ἡμᾶς
1535 1973 1597 2007 καὶ

184 2037 396 2082 εὑρίσκειν).
450 2037 493 2078 ἃς
519 2036 551 2071 εἰ
577 2037 644 2078 μὲν
672 2036 954 2080 διηρθρωμένας
979 2035 1082 2079 φασί,
1117 2036 1272 2080 περιττὴ
1296 2037 1320 2079 ἡ
1346 2036 1519 2080 ζήτησις·
1565 2037 1597 2072 εἰ

184 2105 224 2138 δὲ
254 2103 548 2146 ἀδιαρθρώτους,
589 2104 670 2142 πῶς
702 2103 791 2136 ἄλλο
818 2112 853 2135 τι
879 2102 981 2145 παρὰ
1006 2102 1074 2143 τὰς
1099 2101 1309 2145 προλήψεις
1345 2103 1595 2145 ἐπιζητοῦμεν

183 2169 204 2203 ὅ
230 2179 272 2210 γε
299 2168 388 2202 οὐδὲ
416 2167 717 2211 προειλήφαμεν;

183 2233 332 2267 SEXTVS
359 2233 481 2276 empir.
508 2233 588 2264 adu.
616 2232 779 2264 mathem.
808 2240 819 2264 1
848 2232 891 2264 57
936 2231 1024 2266 οὔτε
1051 2233 1176 2274 ζητεῖν
1209 2232 1298 2265 οὔτε
1334 2230 1490 2274 ἀπορεῖν
1517 2232 1596 2265 ἔστι
1620 2239 1653 2265 30

182 2297 279 2332 κατὰ
306 2297 374 2331 τὸν
401 2297 526 2339 σοφὸν
554 2295 772 2339 Ἐπίκουρον
800 2297 890 2330 ἄνευ
916 2295 1153 2339 προλήψεως.

184 2363 308 2395 eadem
335 2363 415 2395 adu.
443 2362 598 2403 dogmat.
626 2369 650 2393 v
679 2361 858 2404 (mathem.
887 2360 944 2406 XI)
970 2362 1027 2394 21.

305 2453 448 2489 ClcERO
476 2455 519 2486 de
543 2454 673 2486 finibus
701 2462 714 2487 Ι
741 2454 774 2497 9,
795 2455 839 2488 30
864 2453 1003 2498 ‘itaque
1029 2460 1134 2497 negat
1160 2452 1290 2497 (Epic.)
1318 2463 1408 2496 opus
1435 2462 1516 2484 esse
1543 2462 1595 2484 ra-

183 2518 280 2550 tione
306 2528 422 2560 neque
450 2517 703 2559 disputatione,
730 2527 834 2559 quam
858 2518 906 2549 ob
932 2528 1006 2549 rem
1031 2517 1196 2559 uoluptas
1224 2517 1434 2559 expetenda,
1459 2517 1594 2557 fugien-

184 2582 251 2614 dus
270 2582 376 2614 dolor
395 2582 449 2614 sit.
477 2582 600 2613 sentiri
626 2582 714 2613 haec
739 2587 848 2625 putat,
876 2587 913 2614 ut
939 2582 1054 2614 calere
1073 2582 1202 2623 ignem.
1229 2582 1346 2613 niuem
1367 2591 1445 2613 esse
1464 2581 1593 2618 albam,
1619 2586 1651 2613 85

183 2646 253 2678 mel
282 2646 396 2678 dulce.
441 2657 589 2688 quorum
617 2646 705 2677 nihil
735 2654 899 2689 oportere
927 2647 1114 2689 exquisitis
1148 2646 1345 2678 rationibus
1379 2645 1594 2682 confirmare,

183 2714 317 2742 tantum
344 2711 431 2742 satis
458 2720 537 2742 esse
564 2711 764 2743 admonere.
815 2711 987 2743 interesse
1015 2711 1105 2742 enim
1131 2710 1222 2742 inter
1246 2714 1486 2752 argumentum
1513 2719 1594 2740 con-

184 2775 452 2818 clusionemque
488 2775 635 2807 rationis
670 2782 703 2807 et
736 2776 827 2808 inter
859 2776 1073 2808 mediocrem
1109 2775 1454 2808 animaduersionem
1488 2777 1591 2815 atque
