<?xml version="1.0" encoding="UTF-8"?>
<!DOCTYPE html PUBLIC "-//W3C//DTD XHTML 1.0 Transitional//EN"
    "http://www.w3.org/TR/xhtml1/DTD/xhtml1-transitional.dtd">
<html xmlns="http://www.w3.org/1999/xhtml" xml:lang="en" lang="en">
 <head>
  <title>
</title>
<meta http-equiv="Content-Type" content="text/html;charset=utf-8" />
  <meta name='ocr-system' content='tesseract 3.04.00' />
  <meta name='ocr-capabilities' content='ocr_page ocr_carea ocr_par ocr_line ocrx_word'/>
</head>
<body>
  <div class='ocr_page' id='page_1' title='image "./epicvreaedidithe00epicuoft/epicvreaedidithe00epicuoft_0158.png"; bbox 0 0 1846 3288; ppageno 0'>
   <div class='ocr_carea' id='block_1_1' title="bbox 267 225 1078 259">
    <p class='ocr_par' dir='ltr' id='par_1_1' title="bbox 267 225 1078 259">
     <span class='ocr_line' id='line_1_1' title="bbox 267 225 1078 259; baseline 0.001 -1"><span class='ocrx_word' id='word_1_1' title='bbox 267 225 313 259; x_wconf 84' lang='lat'>74</span> <span class='ocrx_word' id='word_1_2' title='bbox 873 226 983 259; x_wconf 91' lang='lat' dir='ltr'><strong>EPIC</strong></span> <span class='ocrx_word' id='word_1_3' title='bbox 989 226 1078 259; x_wconf 78' lang='lat' dir='ltr'>VRI</span> 
     </span>
    </p>
   </div>
   <div class='ocr_carea' id='block_1_2' title="bbox 264 338 1682 1556">
    <p class='ocr_par' dir='ltr' id='par_1_2' title="bbox 269 338 1681 535">
     <span class='ocr_line' id='line_1_2' title="bbox 270 338 1681 395; baseline 0.002 -15"><span class='ocrx_word' id='word_1_4' title='bbox 270 339 337 380; x_wconf 85' lang='grc' dir='ltr'>καὶ</span> <span class='ocrx_word' id='word_1_5' title='bbox 369 339 411 380; x_wconf 80' lang='grc' dir='ltr'>αἱ</span> <span class='ocrx_word' id='word_1_6' title='bbox 441 338 538 391; x_wconf 85' lang='grc' dir='ltr'>περὶ</span> <span class='ocrx_word' id='word_1_7' title='bbox 568 339 771 390; x_wconf 85' lang='grc' dir='ltr'>θανάτου,</span> <span class='ocrx_word' id='word_1_8' title='bbox 814 340 867 390; x_wconf 88' lang='grc' dir='ltr'>μή</span> <span class='ocrx_word' id='word_1_9' title='bbox 899 353 1005 381; x_wconf 88' lang='grc' dir='ltr'>ποτε</span> <span class='ocrx_word' id='word_1_10' title='bbox 1033 339 1145 391; x_wconf 89' lang='grc' dir='ltr'>πρὸς</span> <span class='ocrx_word' id='word_1_11' title='bbox 1174 339 1286 391; x_wconf 81' lang='grc' dir='ltr'>ἡμᾶς</span> <span class='ocrx_word' id='word_1_12' title='bbox 1317 341 1342 395; x_wconf 82' lang='grc' dir='ltr'>ᾗ</span> <span class='ocrx_word' id='word_1_13' title='bbox 1373 354 1423 391; x_wconf 87' lang='grc' dir='ltr'>τι,</span> <span class='ocrx_word' id='word_1_14' title='bbox 1463 339 1523 381; x_wconf 85' lang='grc' dir='ltr'>ἔτι</span> <span class='ocrx_word' id='word_1_15' title='bbox 1551 354 1599 383; x_wconf 89' lang='grc' dir='ltr'>τε</span> <span class='ocrx_word' id='word_1_16' title='bbox 1631 342 1681 384; x_wconf 87' lang='grc' dir='ltr'>τὸ</span> 
     </span>
     <span class='ocr_line' id='line_1_3' title="bbox 269 409 1680 462; baseline 0.004 -10"><span class='ocrx_word' id='word_1_17' title='bbox 269 412 322 462; x_wconf 82' lang='grc' dir='ltr'>μὴ</span> <span class='ocrx_word' id='word_1_18' title='bbox 355 413 583 453; x_wconf 86' lang='grc' dir='ltr'>κατανοεῖν</span> <span class='ocrx_word' id='word_1_19' title='bbox 614 411 718 462; x_wconf 87' lang='grc' dir='ltr'>τοὺς</span> <span class='ocrx_word' id='word_1_20' title='bbox 751 410 883 462; x_wconf 84' lang='grc' dir='ltr'>ὅρους</span> <span class='ocrx_word' id='word_1_21' title='bbox 913 412 1001 452; x_wconf 87' lang='grc' dir='ltr'>τῶν</span> <span class='ocrx_word' id='word_1_22' title='bbox 1033 409 1290 462; x_wconf 80' lang='grc' dir='ltr'>ἀλγηδόνων</span> <span class='ocrx_word' id='word_1_23' title='bbox 1322 412 1390 453; x_wconf 83' lang='grc' dir='ltr'>καὶ</span> <span class='ocrx_word' id='word_1_24' title='bbox 1419 415 1507 455; x_wconf 89' lang='grc' dir='ltr'>τῶν</span> <span class='ocrx_word' id='word_1_25' title='bbox 1540 414 1680 457; x_wconf 79' lang='grc' dir='ltr'>ἐπιθυ-</span> 
     </span>
     <span class='ocr_line' id='line_1_4' title="bbox 269 483 1272 535; baseline 0 -10"><span class='ocrx_word' id='word_1_26' title='bbox 269 486 387 535; x_wconf 82' lang='grc' dir='ltr'>μιῶν,</span> <span class='ocrx_word' id='word_1_27' title='bbox 419 483 498 525; x_wconf 91' lang='grc' dir='ltr'>οὐκ</span> <span class='ocrx_word' id='word_1_28' title='bbox 528 483 581 526; x_wconf 85' lang='grc' dir='ltr'>ἂν</span> <span class='ocrx_word' id='word_1_29' title='bbox 612 484 942 535; x_wconf 79' lang='grc' dir='ltr'>προσεδεόμεθα</span> <span class='ocrx_word' id='word_1_30' title='bbox 973 484 1272 535; x_wconf 85' lang='grc' dir='ltr'>φυσιολογίας.</span> 
     </span>
    </p>

    <p class='ocr_par' dir='ltr' id='par_1_3' title="bbox 267 555 1682 826">
     <span class='ocr_line' id='line_1_5' title="bbox 294 555 1682 610; baseline 0.003 -12"><span class='ocrx_word' id='word_1_31' title='bbox 294 564 366 598; x_wconf 79' lang='grc' dir='ltr'>ΧΠ</span> <span class='ocrx_word' id='word_1_32' title='bbox 405 555 494 598; x_wconf 82' lang='grc' dir='ltr'>Οὐκ</span> <span class='ocrx_word' id='word_1_33' title='bbox 523 555 577 606; x_wconf 82' lang='grc' dir='ltr'>ἦν</span> <span class='ocrx_word' id='word_1_34' title='bbox 603 556 654 597; x_wconf 89' lang='grc' dir='ltr'>τὸ</span> <span class='ocrx_word' id='word_1_35' title='bbox 685 556 966 608; x_wconf 85' lang='grc' dir='ltr'>φοβούμενον</span> <span class='ocrx_word' id='word_1_36' title='bbox 1000 555 1116 598; x_wconf 91' lang='grc' dir='ltr'>λύειν</span> <span class='ocrx_word' id='word_1_37' title='bbox 1148 556 1255 608; x_wconf 79' lang='grc' dir='ltr'>ὑπὲρ</span> <span class='ocrx_word' id='word_1_38' title='bbox 1286 559 1375 598; x_wconf 84' lang='grc' dir='ltr'>τῶν</span> <span class='ocrx_word' id='word_1_39' title='bbox 1405 558 1682 610; x_wconf 81' lang='grc' dir='ltr'>κυριωτάτων</span> 
     </span>
     <span class='ocr_line' id='line_1_6' title="bbox 268 628 1681 680; baseline 0.003 -10"><span class='ocrx_word' id='word_1_40' title='bbox 268 629 321 679; x_wconf 84' lang='grc' dir='ltr'>μὴ</span> <span class='ocrx_word' id='word_1_41' title='bbox 353 628 580 671; x_wconf 82' lang='grc' dir='ltr'>κατειδότα</span> <span class='ocrx_word' id='word_1_42' title='bbox 611 629 675 679; x_wconf 90' lang='grc' dir='ltr'>τίς</span> <span class='ocrx_word' id='word_1_43' title='bbox 704 628 730 679; x_wconf 83' lang='grc' dir='ltr'>ἡ</span> <span class='ocrx_word' id='word_1_44' title='bbox 761 631 839 670; x_wconf 83' lang='grc' dir='ltr'>τοῦ</span> <span class='ocrx_word' id='word_1_45' title='bbox 870 628 1124 679; x_wconf 86' lang='grc' dir='ltr'>σύμπαντος</span> <span class='ocrx_word' id='word_1_46' title='bbox 1149 629 1294 680; x_wconf 78' lang='grc' dir='ltr'>φύσις,</span> <span class='ocrx_word' id='word_1_47' title='bbox 1326 629 1418 671; x_wconf 86' lang='grc' dir='ltr'>ἀλλ’</span> <span class='ocrx_word' id='word_1_48' title='bbox 1442 629 1681 674; x_wconf 84' lang='grc' dir='ltr'>ὑποπτευό-</span> 
     </span>
     <span class='ocr_line' id='line_1_7' title="bbox 268 701 1680 756; baseline 0.003 -14"><span class='ocrx_word' id='word_1_49' title='bbox 268 701 400 751; x_wconf 89' lang='grc' dir='ltr'>μενόν</span> <span class='ocrx_word' id='word_1_50' title='bbox 431 714 468 742; x_wconf 89' lang='grc' dir='ltr'>τι</span> <span class='ocrx_word' id='word_1_51' title='bbox 500 704 588 742; x_wconf 81' lang='grc' dir='ltr'>τῶν</span> <span class='ocrx_word' id='word_1_52' title='bbox 618 701 727 742; x_wconf 85' lang='grc' dir='ltr'>κατὰ</span> <span class='ocrx_word' id='word_1_53' title='bbox 757 701 861 753; x_wconf 87' lang='grc' dir='ltr'>τοὺς</span> <span class='ocrx_word' id='word_1_54' title='bbox 893 701 1066 752; x_wconf 81' lang='grc' dir='ltr'>μύθους.</span> <span class='ocrx_word' id='word_1_55' title='bbox 1125 701 1239 744; x_wconf 87' lang='grc' dir='ltr'>ὥστε</span> <span class='ocrx_word' id='word_1_56' title='bbox 1273 701 1351 744; x_wconf 86' lang='grc' dir='ltr'>οὐκ</span> <span class='ocrx_word' id='word_1_57' title='bbox 1382 701 1435 753; x_wconf 90' lang='grc' dir='ltr'>ἦν</span> <span class='ocrx_word' id='word_1_58' title='bbox 1464 702 1568 745; x_wconf 82' lang='grc' dir='ltr'>ἄνευ</span> <span class='ocrx_word' id='word_1_59' title='bbox 1600 717 1680 756; x_wconf 84' lang='grc' dir='ltr'>φυ-</span> 
     </span>
     <span class='ocr_line' id='line_1_8' title="bbox 267 773 1421 826; baseline 0.001 -11"><span class='ocrx_word' id='word_1_60' title='bbox 267 774 491 824; x_wconf 86' lang='grc' dir='ltr'>σιολογίας</span> <span class='ocrx_word' id='word_1_61' title='bbox 523 773 752 826; x_wconf 82' lang='grc' dir='ltr'>ἀκεραίους</span> <span class='ocrx_word' id='word_1_62' title='bbox 783 774 861 825; x_wconf 86' lang='grc' dir='ltr'>τὰς</span> <span class='ocrx_word' id='word_1_63' title='bbox 891 773 1056 824; x_wconf 86' lang='grc' dir='ltr'>ἡδονὰς</span> <span class='ocrx_word' id='word_1_64' title='bbox 1087 773 1421 826; x_wconf 85' lang='grc' dir='ltr'>ἀπολαμβάνειν,</span> 
     </span>
    </p>

    <p class='ocr_par' dir='ltr' id='par_1_4' title="bbox 267 845 1682 1048">
     <span class='ocr_line' id='line_1_9' title="bbox 295 845 1680 899; baseline 0.001 -12"><span class='ocrx_word' id='word_1_65' title='bbox 295 855 385 887; x_wconf 80' lang='lat' dir='ltr'>XIII</span> <span class='ocrx_word' id='word_1_66' title='bbox 431 845 570 888; x_wconf 80' lang='grc' dir='ltr'>Οὐθὲν</span> <span class='ocrx_word' id='word_1_67' title='bbox 610 845 776 897; x_wconf 84' lang='grc' dir='ltr'>ὄφελος</span> <span class='ocrx_word' id='word_1_68' title='bbox 806 845 859 897; x_wconf 84' lang='grc' dir='ltr'>ἦν</span> <span class='ocrx_word' id='word_1_69' title='bbox 890 847 968 897; x_wconf 85' lang='grc' dir='ltr'>τὴν</span> <span class='ocrx_word' id='word_1_70' title='bbox 1009 846 1098 888; x_wconf 84' lang='grc' dir='ltr'>κατ’</span> <span class='ocrx_word' id='word_1_71' title='bbox 1134 847 1394 899; x_wconf 83' lang='grc' dir='ltr'>ἀνθρώπους</span> <span class='ocrx_word' id='word_1_72' title='bbox 1434 846 1680 898; x_wconf 86' lang='grc' dir='ltr'>ἀσφάλειαν</span> 
     </span>
     <span class='ocr_line' id='line_1_10' title="bbox 267 918 1682 962; baseline 0.001 -4"><span class='ocrx_word' id='word_1_73' title='bbox 267 918 667 960; x_wconf 82' lang='grc' dir='ltr'>κατασκευάζεσθαι</span> <span class='ocrx_word' id='word_1_74' title='bbox 703 921 790 961; x_wconf 85' lang='grc' dir='ltr'>τῶν</span> <span class='ocrx_word' id='word_1_75' title='bbox 830 918 999 961; x_wconf 85' lang='grc' dir='ltr'>ἄνωθεν</span> <span class='ocrx_word' id='word_1_76' title='bbox 1036 919 1243 962; x_wconf 86' lang='grc' dir='ltr'>ὑπόπτων</span> <span class='ocrx_word' id='word_1_77' title='bbox 1282 920 1573 962; x_wconf 84' lang='grc' dir='ltr'>καθεστώτων</span> <span class='ocrx_word' id='word_1_78' title='bbox 1611 919 1682 961; x_wconf 79' lang='grc' dir='ltr'>καὶ</span> 
     </span>
     <span class='ocr_line' id='line_1_11' title="bbox 267 991 1358 1048; baseline 0.002 -16"><span class='ocrx_word' id='word_1_79' title='bbox 267 993 354 1032; x_wconf 87' lang='grc' dir='ltr'>τῶν</span> <span class='ocrx_word' id='word_1_80' title='bbox 386 991 470 1033; x_wconf 82' lang='grc' dir='ltr'>ὑπὸ</span> <span class='ocrx_word' id='word_1_81' title='bbox 502 994 580 1043; x_wconf 85' lang='grc' dir='ltr'>γῆς</span> <span class='ocrx_word' id='word_1_82' title='bbox 611 992 680 1033; x_wconf 85' lang='grc' dir='ltr'>καὶ</span> <span class='ocrx_word' id='word_1_83' title='bbox 712 991 863 1044; x_wconf 83' lang='grc' dir='ltr'>ἁπλῶς</span> <span class='ocrx_word' id='word_1_84' title='bbox 892 995 980 1035; x_wconf 86' lang='grc' dir='ltr'>τῶν</span> <span class='ocrx_word' id='word_1_85' title='bbox 1013 992 1060 1034; x_wconf 83' lang='grc' dir='ltr'>ἐν</span> <span class='ocrx_word' id='word_1_86' title='bbox 1090 997 1151 1048; x_wconf 85' lang='grc' dir='ltr'>τῷ</span> <span class='ocrx_word' id='word_1_87' title='bbox 1185 992 1358 1048; x_wconf 81' lang='grc' dir='ltr'>ἀπείρῳ.</span> 
     </span>
    </p>

    <p class='ocr_par' dir='ltr' id='par_1_5' title="bbox 264 1063 1680 1334">
     <span class='ocr_line' id='line_1_12' title="bbox 293 1063 1680 1117; baseline 0.001 -12"><span class='ocrx_word' id='word_1_88' title='bbox 293 1074 379 1105; x_wconf 77' lang='lat' dir='ltr'>XIV</span> <span class='ocrx_word' id='word_1_89' title='bbox 423 1063 509 1115; x_wconf 84' lang='grc' dir='ltr'>Τῆς</span> <span class='ocrx_word' id='word_1_90' title='bbox 551 1064 798 1116; x_wconf 84' lang='grc' dir='ltr'>ἀσφαλείας</span> <span class='ocrx_word' id='word_1_91' title='bbox 829 1067 906 1116; x_wconf 86' lang='grc' dir='ltr'>τῆς</span> <span class='ocrx_word' id='word_1_92' title='bbox 937 1066 981 1108; x_wconf 81' lang='grc' dir='ltr'>ἐξ</span> <span class='ocrx_word' id='word_1_93' title='bbox 1014 1064 1257 1117; x_wconf 80' lang='grc' dir='ltr'>ἀνθρώπων</span> <span class='ocrx_word' id='word_1_94' title='bbox 1289 1065 1528 1116; x_wconf 81' lang='grc' dir='ltr'>γενομένης</span> <span class='ocrx_word' id='word_1_95' title='bbox 1561 1065 1680 1116; x_wconf 85' lang='grc' dir='ltr'>μέχρι</span> 
     </span>
     <span class='ocr_line' id='line_1_13' title="bbox 265 1137 1678 1189; baseline 0.001 -11"><span class='ocrx_word' id='word_1_96' title='bbox 265 1137 382 1188; x_wconf 85' lang='grc' dir='ltr'>τινὸς</span> <span class='ocrx_word' id='word_1_97' title='bbox 420 1137 598 1188; x_wconf 88' lang='grc' dir='ltr'>δυνάμει</span> <span class='ocrx_word' id='word_1_98' title='bbox 628 1138 708 1179; x_wconf 83' lang='grc' dir='ltr'>τινὶ</span> <span class='ocrx_word' id='word_1_99' title='bbox 740 1138 998 1189; x_wconf 82' lang='grc' dir='ltr'>ἑξερειστικὴ</span> <span class='ocrx_word' id='word_1_100' title='bbox 1031 1138 1100 1179; x_wconf 81' lang='grc' dir='ltr'>καὶ</span> <span class='ocrx_word' id='word_1_101' title='bbox 1132 1139 1311 1189; x_wconf 84' lang='grc' dir='ltr'>εὐπορία</span> <span class='ocrx_word' id='word_1_102' title='bbox 1344 1138 1678 1189; x_wconf 81' lang='grc' dir='ltr'>εἰλικρινεστάτη</span> 
     </span>
     <span class='ocr_line' id='line_1_14' title="bbox 264 1209 1680 1263; baseline 0.001 -12"><span class='ocrx_word' id='word_1_103' title='bbox 264 1209 426 1259; x_wconf 80' lang='grc' dir='ltr'>γίνεται</span> <span class='ocrx_word' id='word_1_104' title='bbox 456 1210 481 1261; x_wconf 83' lang='grc' dir='ltr'>ἡ</span> <span class='ocrx_word' id='word_1_105' title='bbox 521 1210 568 1252; x_wconf 78' lang='grc' dir='ltr'>ἐκ</span> <span class='ocrx_word' id='word_1_106' title='bbox 604 1213 681 1262; x_wconf 89' lang='grc' dir='ltr'>τῆς</span> <span class='ocrx_word' id='word_1_107' title='bbox 717 1211 900 1263; x_wconf 85' lang='grc' dir='ltr'>ἡσυχίας</span> <span class='ocrx_word' id='word_1_108' title='bbox 940 1211 1008 1252; x_wconf 84' lang='grc' dir='ltr'>καὶ</span> <span class='ocrx_word' id='word_1_109' title='bbox 1051 1211 1338 1263; x_wconf 78' lang='grc' dir='ltr'>ἐκχωρήσεως</span> <span class='ocrx_word' id='word_1_110' title='bbox 1376 1213 1464 1252; x_wconf 85' lang='grc' dir='ltr'>τῶν</span> <span class='ocrx_word' id='word_1_111' title='bbox 1503 1212 1680 1253; x_wconf 88' lang='grc' dir='ltr'>πολλῶν</span> 
     </span>
     <span class='ocr_line' id='line_1_15' title="bbox 265 1282 497 1334; baseline 0.004 -10"><span class='ocrx_word' id='word_1_112' title='bbox 265 1282 497 1334; x_wconf 87' lang='grc' dir='ltr'>ἀσφάλεια.</span> 
     </span>
    </p>

    <p class='ocr_par' dir='ltr' id='par_1_6' title="bbox 264 1355 1678 1482">
     <span class='ocr_line' id='line_1_16' title="bbox 292 1355 1678 1408; baseline 0 -11"><span class='ocrx_word' id='word_1_113' title='bbox 292 1365 358 1397; x_wconf 84' lang='lat' dir='ltr'>XV</span> <span class='ocrx_word' id='word_1_114' title='bbox 403 1355 450 1398; x_wconf 87' lang='lat' dir='ltr'>‘O</span> <span class='ocrx_word' id='word_1_115' title='bbox 481 1357 558 1407; x_wconf 88' lang='grc' dir='ltr'>τῆς</span> <span class='ocrx_word' id='word_1_116' title='bbox 589 1356 770 1408; x_wconf 88' lang='grc' dir='ltr'>φύσεως</span> <span class='ocrx_word' id='word_1_117' title='bbox 802 1359 993 1408; x_wconf 82' lang='grc' dir='ltr'>πλοῦτος</span> <span class='ocrx_word' id='word_1_118' title='bbox 1024 1357 1092 1398; x_wconf 85' lang='grc' dir='ltr'>καὶ</span> <span class='ocrx_word' id='word_1_119' title='bbox 1123 1357 1303 1408; x_wconf 87' lang='grc' dir='ltr'>ὥρισται</span> <span class='ocrx_word' id='word_1_120' title='bbox 1325 1357 1394 1398; x_wconf 84' lang='grc' dir='ltr'>καὶ</span> <span class='ocrx_word' id='word_1_121' title='bbox 1417 1355 1678 1408; x_wconf 84' lang='grc' dir='ltr'>εὐπόριστός</span> 
     </span>
     <span class='ocr_line' id='line_1_17' title="bbox 264 1428 1537 1482; baseline -0.002 -11"><span class='ocrx_word' id='word_1_122' title='bbox 264 1428 405 1471; x_wconf 81' lang='grc' dir='ltr'>ἐστιν·</span> <span class='ocrx_word' id='word_1_123' title='bbox 436 1429 460 1471; x_wconf 90' lang='grc' dir='ltr'>ὁ</span> <span class='ocrx_word' id='word_1_124' title='bbox 492 1430 540 1471; x_wconf 81' lang='grc' dir='ltr'>δὲ</span> <span class='ocrx_word' id='word_1_125' title='bbox 570 1431 659 1471; x_wconf 83' lang='grc' dir='ltr'>τῶν</span> <span class='ocrx_word' id='word_1_126' title='bbox 690 1431 829 1471; x_wconf 84' lang='grc' dir='ltr'>κενῶν</span> <span class='ocrx_word' id='word_1_127' title='bbox 861 1432 1001 1471; x_wconf 84' lang='grc' dir='ltr'>δοξῶν</span> <span class='ocrx_word' id='word_1_128' title='bbox 1034 1429 1094 1481; x_wconf 89' lang='grc' dir='ltr'>εἰς</span> <span class='ocrx_word' id='word_1_129' title='bbox 1127 1430 1306 1482; x_wconf 87' lang='grc' dir='ltr'>ἄπειρον</span> <span class='ocrx_word' id='word_1_130' title='bbox 1337 1429 1537 1471; x_wconf 76' lang='grc' dir='ltr'>ἐκπίπτει.</span> 
     </span>
    </p>

    <p class='ocr_par' dir='ltr' id='par_1_7' title="bbox 291 1500 1679 1556">
     <span class='ocr_line' id='line_1_18' title="bbox 291 1500 1679 1556; baseline 0 -14"><span class='ocrx_word' id='word_1_131' title='bbox 291 1509 377 1542; x_wconf 79' lang='lat' dir='ltr'>xvl</span> <span class='ocrx_word' id='word_1_132' title='bbox 423 1501 593 1553; x_wconf 85' lang='grc' dir='ltr'>Βραχέα</span> <span class='ocrx_word' id='word_1_133' title='bbox 623 1506 754 1556; x_wconf 81' lang='grc' dir='ltr'>σοφῷ</span> <span class='ocrx_word' id='word_1_134' title='bbox 785 1502 889 1553; x_wconf 89' lang='grc' dir='ltr'>τύχη</span> <span class='ocrx_word' id='word_1_135' title='bbox 922 1503 1216 1554; x_wconf 84' lang='grc' dir='ltr'>παρεμπίπτει,</span> <span class='ocrx_word' id='word_1_136' title='bbox 1247 1503 1301 1544; x_wconf 88' lang='grc' dir='ltr'>τὰ</span> <span class='ocrx_word' id='word_1_137' title='bbox 1325 1503 1372 1544; x_wconf 82' lang='grc' dir='ltr'>δὲ</span> <span class='ocrx_word' id='word_1_138' title='bbox 1399 1502 1580 1554; x_wconf 82' lang='grc' dir='ltr'>μέγιστα</span> <span class='ocrx_word' id='word_1_139' title='bbox 1611 1500 1679 1543; x_wconf 89' lang='grc' dir='ltr'>καὶ</span> 
     </span>
    </p>
   </div>
   <div class='ocr_carea' id='block_1_3' title="bbox 260 1751 1680 2796">
    <p class='ocr_par' dir='ltr' id='par_1_8' title="bbox 260 1751 1680 2796">
     <span class='ocr_line' id='line_1_19' title="bbox 386 1751 1677 1797; baseline -0.002 -11"><span class='ocrx_word' id='word_1_140' title='bbox 386 1753 401 1786; x_wconf 88' lang='grc'><strong>1</strong></span> <span class='ocrx_word' id='word_1_141' title='bbox 429 1753 489 1787; x_wconf 89' lang='grc' dir='ltr'>καὶ</span> <span class='ocrx_word' id='word_1_142' title='bbox 516 1753 600 1797; x_wconf 87' lang='grc' dir='ltr'>περὶ</span> <span class='ocrx_word' id='word_1_143' title='bbox 619 1754 636 1785; x_wconf 77' lang='lat' dir='ltr'>s</span> <span class='ocrx_word' id='word_1_144' title='bbox 657 1753 712 1787; x_wconf 79' lang='grc' dir='ltr'>ἔτι</span> <span class='ocrx_word' id='word_1_145' title='bbox 737 1763 779 1787; x_wconf 90' lang='grc' dir='ltr'>τε</span> <span class='ocrx_word' id='word_1_146' title='bbox 805 1752 852 1786; x_wconf 87' lang='grc' dir='ltr'>τὰ</span> <span class='ocrx_word' id='word_1_147' title='bbox 878 1753 963 1796; x_wconf 83' lang='grc' dir='ltr'>περὶ</span> <span class='ocrx_word' id='word_1_148' title='bbox 981 1752 1196 1785; x_wconf 86' lang='lat' dir='ltr'>Plutarchus</span> <span class='ocrx_word' id='word_1_149' title='bbox 1219 1752 1225 1795; x_wconf 90' lang='grc' dir='ltr'>Ι</span> <span class='ocrx_word' id='word_1_150' title='bbox 1247 1752 1270 1794; x_wconf 87' lang='grc' dir='ltr'>ἦ</span> <span class='ocrx_word' id='word_1_151' title='bbox 1297 1751 1333 1786; x_wconf 88' lang='grc' dir='ltr'>τί</span> <span class='ocrx_word' id='word_1_152' title='bbox 1351 1752 1517 1794; x_wconf 76' lang='grc' dir='ltr'>ΒΗΡὮ;</span> <span class='ocrx_word' id='word_1_153' title='bbox 1544 1751 1568 1794; x_wconf 89' lang='grc' dir='ltr'><strong>ἤ</strong></span> <span class='ocrx_word' id='word_1_154' title='bbox 1592 1761 1629 1785; x_wconf 81' lang='grc' dir='ltr'>τι</span> <span class='ocrx_word' id='word_1_155' title='bbox 1648 1752 1677 1783; x_wconf 88' lang='lat' dir='ltr'>F</span> 
     </span>
     <span class='ocr_line' id='line_1_20' title="bbox 263 1809 1680 1856; baseline -0.001 -12"><span class='ocrx_word' id='word_1_156' title='bbox 263 1810 285 1851; x_wconf 88' lang='grc' dir='ltr'>ἢ</span> <span class='ocrx_word' id='word_1_157' title='bbox 314 1810 350 1844; x_wconf 89' lang='grc' dir='ltr'>τί</span> <span class='ocrx_word' id='word_1_158' title='bbox 375 1811 419 1843; x_wconf 85' lang='grc' dir='ltr'>Ρι</span> <span class='ocrx_word' id='word_1_159' title='bbox 448 1811 481 1846; x_wconf 84' lang='grc' dir='ltr'>εἴ</span> <span class='ocrx_word' id='word_1_160' title='bbox 506 1822 540 1845; x_wconf 89' lang='grc' dir='ltr'>τι</span> <span class='ocrx_word' id='word_1_161' title='bbox 568 1811 607 1854; x_wconf 80' lang='lat' dir='ltr'>sl</span> <span class='ocrx_word' id='word_1_162' title='bbox 631 1812 701 1856; x_wconf 82' lang='grc' dir='ltr'>ἔτι]</span> <span class='ocrx_word' id='word_1_163' title='bbox 727 1812 806 1846; x_wconf 80' lang='grc' dir='ltr'>ἔστι</span> <span class='ocrx_word' id='word_1_164' title='bbox 833 1812 849 1843; x_wconf 90' lang='lat' dir='ltr'><strong>f</strong></span> <span class='ocrx_word' id='word_1_165' title='bbox 873 1809 878 1855; x_wconf 90' lang='grc' dir='ltr'>Ι</span> <span class='ocrx_word' id='word_1_166' title='bbox 909 1820 952 1846; x_wconf 85' lang='grc' dir='ltr'>τε</span> <span class='ocrx_word' id='word_1_167' title='bbox 977 1811 1022 1845; x_wconf 91' lang='grc' dir='ltr'>τὸ</span> <span class='ocrx_word' id='word_1_168' title='bbox 1050 1812 1099 1853; x_wconf 83' lang='grc' dir='ltr'>μὴ</span> <span class='ocrx_word' id='word_1_169' title='bbox 1126 1814 1326 1845; x_wconf 87' lang='grc' dir='ltr'>κατανοεῖν</span> <span class='ocrx_word' id='word_1_170' title='bbox 1353 1811 1543 1844; x_wconf 80' lang='lat' dir='ltr'>Lachelier</span> <span class='ocrx_word' id='word_1_171' title='bbox 1569 1822 1680 1843; x_wconf 78' lang='lat' dir='ltr'><em>revue</em></span> 
     </span>
     <span class='ocr_line' id='line_1_21' title="bbox 264 1869 1678 1913; baseline 0.001 -11"><span class='ocrx_word' id='word_1_172' title='bbox 264 1872 306 1902; x_wconf 83' lang='lat' dir='ltr'>de</span> <span class='ocrx_word' id='word_1_173' title='bbox 325 1871 457 1912; x_wconf 79' lang='lat' dir='ltr'><em>philol.</em></span> <span class='ocrx_word' id='word_1_174' title='bbox 482 1870 570 1903; x_wconf 75' lang='grc'><strong>1877</strong></span> <span class='ocrx_word' id='word_1_175' title='bbox 591 1876 614 1903; x_wconf 89' lang='lat' dir='ltr'>t.</span> <span class='ocrx_word' id='word_1_176' title='bbox 630 1878 642 1902; x_wconf 91' lang='lat'>1</span> <span class='ocrx_word' id='word_1_177' title='bbox 661 1882 693 1913; x_wconf 87' lang='lat' dir='ltr'>p.</span> <span class='ocrx_word' id='word_1_178' title='bbox 711 1871 768 1904; x_wconf 77' lang='lat'>85.</span> <span class='ocrx_word' id='word_1_179' title='bbox 788 1870 876 1903; x_wconf 84' lang='lat'>200:</span> <span class='ocrx_word' id='word_1_180' title='bbox 903 1870 1117 1913; x_wconf 86' lang='grc' dir='ltr'>τετόλμηκα</span> <span class='ocrx_word' id='word_1_181' title='bbox 1145 1869 1374 1913; x_wconf 85' lang='grc' dir='ltr'>(τετολμηκὰ</span> <span class='ocrx_word' id='word_1_182' title='bbox 1404 1871 1430 1902; x_wconf 86' lang='grc' dir='ltr'>Β</span> <span class='ocrx_word' id='word_1_183' title='bbox 1457 1870 1678 1912; x_wconf 55' lang='grc' dir='ltr'>τετόιμηκα</span> 
     </span>
     <span class='ocr_line' id='line_1_22' title="bbox 262 1927 1678 1972; baseline 0.001 -11"><span class='ocrx_word' id='word_1_184' title='bbox 262 1928 325 1972; x_wconf 89' lang='lat' dir='ltr'>P¹)</span> <span class='ocrx_word' id='word_1_185' title='bbox 350 1932 452 1963; x_wconf 81' lang='grc' dir='ltr'>νοεῖν</span> <span class='ocrx_word' id='word_1_186' title='bbox 478 1929 575 1969; x_wconf 83' lang='lat' dir='ltr'>libri,</span> <span class='ocrx_word' id='word_1_187' title='bbox 603 1935 708 1972; x_wconf 85' lang='lat' dir='ltr'><strong>atque</strong></span> <span class='ocrx_word' id='word_1_188' title='bbox 737 1928 924 1971; x_wconf 85' lang='grc' dir='ltr'>σφά(λμα)</span> <span class='ocrx_word' id='word_1_189' title='bbox 952 1929 1097 1961; x_wconf 75' lang='lat' dir='ltr'>adnotat</span> <span class='ocrx_word' id='word_1_190' title='bbox 1122 1939 1180 1969; x_wconf 84' lang='lat' dir='ltr'>mg</span> <span class='ocrx_word' id='word_1_191' title='bbox 1206 1930 1235 1960; x_wconf 84' lang='lat' dir='ltr'>B</span> <span class='ocrx_word' id='word_1_192' title='bbox 1290 1928 1305 1972; x_wconf 90' lang='grc' dir='ltr'>ΙΙ</span> <span class='ocrx_word' id='word_1_193' title='bbox 1360 1930 1380 1961; x_wconf 88' lang='grc'><strong>3</strong></span> <span class='ocrx_word' id='word_1_194' title='bbox 1407 1928 1477 1963; x_wconf 87' lang='grc' dir='ltr'>οὐκ</span> <span class='ocrx_word' id='word_1_195' title='bbox 1503 1927 1549 1962; x_wconf 86' lang='grc' dir='ltr'>ἂν</span> <span class='ocrx_word' id='word_1_196' title='bbox 1577 1928 1678 1963; x_wconf 83' lang='grc' dir='ltr'>ἐδεό-</span> 
     </span>
     <span class='ocr_line' id='line_1_23' title="bbox 263 1985 1677 2033; baseline -0.001 -11"><span class='ocrx_word' id='word_1_197' title='bbox 263 1990 355 2029; x_wconf 87' lang='grc' dir='ltr'>μεθα</span> <span class='ocrx_word' id='word_1_198' title='bbox 372 1988 402 2019; x_wconf 90' lang='lat' dir='ltr'><strong>F</strong></span> <span class='ocrx_word' id='word_1_199' title='bbox 434 1985 451 2033; x_wconf 87' lang='grc' dir='ltr'>ΙΙ</span> <span class='ocrx_word' id='word_1_200' title='bbox 485 1989 505 2022; x_wconf 80' lang='lat'>5</span> <span class='ocrx_word' id='word_1_201' title='bbox 532 1987 587 2030; x_wconf 82' lang='grc' dir='ltr'>τίς</span> <span class='ocrx_word' id='word_1_202' title='bbox 606 1988 630 2030; x_wconf 81' lang='grc' dir='ltr'>ἢ</span> <span class='ocrx_word' id='word_1_203' title='bbox 649 1991 718 2023; x_wconf 83' lang='grc' dir='ltr'>τοῦ</span> <span class='ocrx_word' id='word_1_204' title='bbox 738 1990 766 2021; x_wconf 87' lang='grc' dir='ltr'>Ρ</span> <span class='ocrx_word' id='word_1_205' title='bbox 789 1991 794 2032; x_wconf 99' lang='grc' dir='ltr'>Ι</span> <span class='ocrx_word' id='word_1_206' title='bbox 817 1988 1086 2022; x_wconf 86' lang='grc' dir='ltr'>ὑποπτεύοντά</span> <span class='ocrx_word' id='word_1_207' title='bbox 1114 1988 1179 2021; x_wconf 83' lang='lat' dir='ltr'><strong>erit</strong></span> <span class='ocrx_word' id='word_1_208' title='bbox 1198 1988 1258 2030; x_wconf 85' lang='lat' dir='ltr'>qui</span> <span class='ocrx_word' id='word_1_209' title='bbox 1277 1994 1459 2031; x_wconf 84' lang='lat' dir='ltr'>exspectet</span> <span class='ocrx_word' id='word_1_210' title='bbox 1490 1987 1506 2031; x_wconf 88' lang='grc' dir='ltr'>ΙΙ</span> <span class='ocrx_word' id='word_1_211' title='bbox 1540 1988 1563 2021; x_wconf 81' lang='grc'><strong>6</strong></span> <span class='ocrx_word' id='word_1_212' title='bbox 1582 1986 1677 2032; x_wconf 83' lang='grc' dir='ltr'>τῶν]</span> 
     </span>
     <span class='ocr_line' id='line_1_24' title="bbox 262 2045 1680 2092; baseline -0.001 -12"><span class='ocrx_word' id='word_1_213' title='bbox 262 2047 330 2080; x_wconf 84' lang='grc' dir='ltr'>τὸν</span> <span class='ocrx_word' id='word_1_214' title='bbox 348 2048 377 2079; x_wconf 88' lang='grc' dir='ltr'><strong>Β</strong></span> <span class='ocrx_word' id='word_1_215' title='bbox 399 2046 405 2090; x_wconf 94' lang='grc' dir='ltr'>Ι</span> <span class='ocrx_word' id='word_1_216' title='bbox 427 2047 650 2089; x_wconf 78' lang='grc' dir='ltr'>φυσιλοτίας</span> <span class='ocrx_word' id='word_1_217' title='bbox 668 2048 712 2079; x_wconf 82' lang='grc' dir='ltr'>Ρι</span> <span class='ocrx_word' id='word_1_218' title='bbox 755 2047 769 2091; x_wconf 92' lang='grc' dir='ltr'>ΙΙ</span> <span class='ocrx_word' id='word_1_219' title='bbox 813 2048 834 2080; x_wconf 80' lang='grc'><strong>7</strong></span> <span class='ocrx_word' id='word_1_220' title='bbox 862 2046 1054 2091; x_wconf 82' lang='grc' dir='ltr'>ἐκεραίους</span> <span class='ocrx_word' id='word_1_221' title='bbox 1071 2048 1101 2080; x_wconf 86' lang='lat' dir='ltr'>F</span> <span class='ocrx_word' id='word_1_222' title='bbox 1127 2047 1302 2090; x_wconf 87' lang='grc' dir='ltr'>ἀκεραίας</span> <span class='ocrx_word' id='word_1_223' title='bbox 1328 2048 1343 2078; x_wconf 84' lang='lat' dir='ltr'>f</span> <span class='ocrx_word' id='word_1_224' title='bbox 1372 2047 1388 2091; x_wconf 92' lang='grc' dir='ltr'>ΙΙ</span> <span class='ocrx_word' id='word_1_225' title='bbox 1423 2047 1445 2081; x_wconf 82' lang='grc'>8</span> <span class='ocrx_word' id='word_1_226' title='bbox 1468 2047 1580 2081; x_wconf 83' lang='grc' dir='ltr'>οὐδὲν</span> <span class='ocrx_word' id='word_1_227' title='bbox 1598 2047 1650 2079; x_wconf 89' lang='lat' dir='ltr'>B?</span> <span class='ocrx_word' id='word_1_228' title='bbox 1674 2045 1680 2092; x_wconf 87' lang='grc' dir='ltr'>Ι</span> 
     </span>
     <span class='ocr_line' id='line_1_25' title="bbox 263 2105 1676 2149; baseline 0.001 -10"><span class='ocrx_word' id='word_1_229' title='bbox 263 2105 412 2148; x_wconf 84' lang='grc' dir='ltr'>ὤφελος</span> <span class='ocrx_word' id='word_1_230' title='bbox 430 2107 461 2138; x_wconf 88' lang='lat' dir='ltr'>F</span> <span class='ocrx_word' id='word_1_231' title='bbox 486 2107 629 2149; x_wconf 83' lang='grc' dir='ltr'>ὁφαλὸς</span> <span class='ocrx_word' id='word_1_232' title='bbox 649 2107 683 2138; x_wconf 89' lang='grc' dir='ltr'>Η</span> <span class='ocrx_word' id='word_1_233' title='bbox 707 2107 712 2148; x_wconf 98' lang='grc' dir='ltr'>Ι</span> <span class='ocrx_word' id='word_1_234' title='bbox 736 2108 816 2141; x_wconf 80' lang='grc' dir='ltr'>κατ’</span> <span class='ocrx_word' id='word_1_235' title='bbox 835 2107 926 2140; x_wconf 86' lang='lat' dir='ltr'>BFs:</span> <span class='ocrx_word' id='word_1_236' title='bbox 954 2106 1050 2140; x_wconf 86' lang='grc' dir='ltr'>κατὰ</span> <span class='ocrx_word' id='word_1_237' title='bbox 1068 2107 1170 2149; x_wconf 78' lang='lat' dir='ltr'>HPQ</span> <span class='ocrx_word' id='word_1_238' title='bbox 1193 2107 1197 2147; x_wconf 89' lang='grc' dir='ltr'>Ι</span> <span class='ocrx_word' id='word_1_239' title='bbox 1221 2106 1411 2148; x_wconf 84' lang='grc' dir='ltr'>ἀσφάλιαν</span> <span class='ocrx_word' id='word_1_240' title='bbox 1437 2107 1466 2137; x_wconf 89' lang='grc' dir='ltr'>Ρ</span> <span class='ocrx_word' id='word_1_241' title='bbox 1508 2105 1523 2149; x_wconf 93' lang='grc' dir='ltr'>ΙΙ</span> <span class='ocrx_word' id='word_1_242' title='bbox 1565 2106 1587 2139; x_wconf 86' lang='grc'><strong>9</strong></span> <span class='ocrx_word' id='word_1_243' title='bbox 1613 2116 1676 2140; x_wconf 86' lang='grc' dir='ltr'>κα·</span> 
     </span>
     <span class='ocr_line' id='line_1_26' title="bbox 262 2164 1676 2210; baseline -0.001 -11"><span class='ocrx_word' id='word_1_244' title='bbox 262 2165 455 2199; x_wconf 88' lang='grc' dir='ltr'>θεστότων</span> <span class='ocrx_word' id='word_1_245' title='bbox 481 2166 498 2197; x_wconf 82' lang='lat' dir='ltr'>f</span> <span class='ocrx_word' id='word_1_246' title='bbox 527 2165 542 2209; x_wconf 87' lang='grc' dir='ltr'>ΙΙ</span> <span class='ocrx_word' id='word_1_247' title='bbox 581 2166 623 2199; x_wconf 87' lang='grc'>10</span> <span class='ocrx_word' id='word_1_248' title='bbox 648 2168 726 2200; x_wconf 83' lang='grc' dir='ltr'>τῶν</span> <span class='ocrx_word' id='word_1_249' title='bbox 753 2166 793 2200; x_wconf 82' lang='grc' dir='ltr'>ἐν</span> <span class='ocrx_word' id='word_1_250' title='bbox 821 2169 876 2209; x_wconf 81' lang='grc' dir='ltr'>τῷ</span> <span class='ocrx_word' id='word_1_251' title='bbox 904 2164 1064 2210; x_wconf 84' lang='grc' dir='ltr'>ἀπείρῳ]</span> <span class='ocrx_word' id='word_1_252' title='bbox 1089 2167 1168 2199; x_wconf 82' lang='grc' dir='ltr'>τῶν</span> <span class='ocrx_word' id='word_1_253' title='bbox 1195 2164 1361 2208; x_wconf 87' lang='grc' dir='ltr'>ἀπείρων</span> <span class='ocrx_word' id='word_1_254' title='bbox 1389 2167 1467 2199; x_wconf 84' lang='grc' dir='ltr'>τῶν</span> <span class='ocrx_word' id='word_1_255' title='bbox 1497 2164 1572 2200; x_wconf 86' lang='grc' dir='ltr'>ὑπὸ</span> <span class='ocrx_word' id='word_1_256' title='bbox 1598 2176 1676 2197; x_wconf 88' lang='lat' dir='ltr'>cum</span> 
     </span>
     <span class='ocr_line' id='line_1_27' title="bbox 260 2222 1677 2270; baseline 0.001 -15"><span class='ocrx_word' id='word_1_257' title='bbox 260 2225 421 2266; x_wconf 83' lang='lat' dir='ltr'>proxima</span> <span class='ocrx_word' id='word_1_258' title='bbox 447 2226 623 2258; x_wconf 80' lang='lat' dir='ltr'><strong>sententia</strong></span> <span class='ocrx_word' id='word_1_259' title='bbox 649 2226 832 2266; x_wconf 82' lang='lat' dir='ltr'>coniungit</span> <span class='ocrx_word' id='word_1_260' title='bbox 859 2226 889 2257; x_wconf 80' lang='lat' dir='ltr'><strong>F</strong></span> <span class='ocrx_word' id='word_1_261' title='bbox 927 2222 945 2270; x_wconf 85' lang='grc' dir='ltr'>ΙΙ</span> <span class='ocrx_word' id='word_1_262' title='bbox 988 2227 1029 2259; x_wconf 89' lang='grc'>11</span> <span class='ocrx_word' id='word_1_263' title='bbox 1057 2225 1258 2267; x_wconf 81' lang='grc' dir='ltr'>γινομένης</span> <span class='ocrx_word' id='word_1_264' title='bbox 1284 2225 1300 2256; x_wconf 82' lang='lat' dir='ltr'>f</span> <span class='ocrx_word' id='word_1_265' title='bbox 1336 2222 1353 2270; x_wconf 86' lang='grc' dir='ltr'>ΙΙ</span> <span class='ocrx_word' id='word_1_266' title='bbox 1397 2225 1439 2257; x_wconf 86' lang='grc'><strong>12</strong></span> <span class='ocrx_word' id='word_1_267' title='bbox 1467 2223 1622 2266; x_wconf 86' lang='grc' dir='ltr'>δύναμίς</span> <span class='ocrx_word' id='word_1_268' title='bbox 1640 2225 1677 2256; x_wconf 89' lang='grc' dir='ltr'>Η</span> 
     </span>
     <span class='ocr_line' id='line_1_28' title="bbox 261 2282 1673 2328; baseline 0.004 -15"><span class='ocrx_word' id='word_1_269' title='bbox 261 2287 382 2324; x_wconf 84' lang='lat' dir='ltr'>aperta</span> <span class='ocrx_word' id='word_1_270' title='bbox 410 2282 686 2325; x_wconf 73' lang='lat' dir='ltr'>interpolatione</span> <span class='ocrx_word' id='word_1_271' title='bbox 721 2284 727 2325; x_wconf 93' lang='grc' dir='ltr'>Ι</span> <span class='ocrx_word' id='word_1_272' title='bbox 760 2282 850 2328; x_wconf 82' lang='grc' dir='ltr'>τινὶ]</span> <span class='ocrx_word' id='word_1_273' title='bbox 879 2283 920 2317; x_wconf 83' lang='grc' dir='ltr'>τὲ</span> <span class='ocrx_word' id='word_1_274' title='bbox 946 2283 1094 2326; x_wconf 77' lang='lat' dir='ltr'><strong>BFPQf</strong></span> <span class='ocrx_word' id='word_1_275' title='bbox 1113 2293 1156 2318; x_wconf 82' lang='grc' dir='ltr'>τε</span> <span class='ocrx_word' id='word_1_276' title='bbox 1181 2284 1217 2316; x_wconf 88' lang='grc' dir='ltr'>Η</span> <span class='ocrx_word' id='word_1_277' title='bbox 1251 2284 1257 2325; x_wconf 88' lang='grc' dir='ltr'>Ι</span> <span class='ocrx_word' id='word_1_278' title='bbox 1294 2283 1499 2325; x_wconf 79' lang='grc' dir='ltr'>ἑξεριστικὴ</span> <span class='ocrx_word' id='word_1_279' title='bbox 1526 2283 1571 2315; x_wconf 88' lang='lat' dir='ltr'>F:</span> <span class='ocrx_word' id='word_1_280' title='bbox 1600 2283 1673 2318; x_wconf 83' lang='grc' dir='ltr'>ἐξε-</span> 
     </span>
     <span class='ocr_line' id='line_1_29' title="bbox 261 2340 1675 2385; baseline -0.001 -11"><span class='ocrx_word' id='word_1_281' title='bbox 261 2343 427 2383; x_wconf 86' lang='grc' dir='ltr'>ρειστικῆ</span> <span class='ocrx_word' id='word_1_282' title='bbox 453 2341 490 2372; x_wconf 88' lang='lat' dir='ltr'>H</span> <span class='ocrx_word' id='word_1_283' title='bbox 515 2340 720 2384; x_wconf 75' lang='grc' dir='ltr'>ἐξεριστικῆ</span> <span class='ocrx_word' id='word_1_284' title='bbox 749 2341 816 2373; x_wconf 77' lang='lat' dir='ltr'>P²s</span> <span class='ocrx_word' id='word_1_285' title='bbox 844 2342 1068 2385; x_wconf 83' lang='grc' dir='ltr'>ἐξαιριστικῆ</span> <span class='ocrx_word' id='word_1_286' title='bbox 1095 2341 1176 2383; x_wconf 81' lang='lat' dir='ltr'>P¹Q</span> <span class='ocrx_word' id='word_1_287' title='bbox 1204 2342 1412 2384; x_wconf 75' lang='grc' dir='ltr'>ἐξοριστικῇ</span> <span class='ocrx_word' id='word_1_288' title='bbox 1439 2342 1479 2374; x_wconf 88' lang='grc' dir='ltr'>Β.</span> <span class='ocrx_word' id='word_1_289' title='bbox 1516 2341 1675 2374; x_wconf 78' lang='lat' dir='ltr'>conicias</span> 
     </span>
     <span class='ocr_line' id='line_1_30' title="bbox 262 2399 1675 2444; baseline 0.001 -12"><span class='ocrx_word' id='word_1_290' title='bbox 262 2399 434 2442; x_wconf 81' lang='grc' dir='ltr'>ἐξέρεισις</span> <span class='ocrx_word' id='word_1_291' title='bbox 459 2400 483 2441; x_wconf 85' lang='grc' dir='ltr'>ἢ</span> <span class='ocrx_word' id='word_1_292' title='bbox 507 2400 511 2442; x_wconf 96' lang='grc' dir='ltr'>Ι</span> <span class='ocrx_word' id='word_1_293' title='bbox 535 2399 693 2444; x_wconf 83' lang='grc' dir='ltr'>ἐυπορίᾳ</span> <span class='ocrx_word' id='word_1_294' title='bbox 719 2400 1013 2444; x_wconf 85' lang='grc' dir='ltr'>ἑιλικρινεστάτῃ</span> <span class='ocrx_word' id='word_1_295' title='bbox 1042 2401 1058 2433; x_wconf 83' lang='lat' dir='ltr'>s</span> <span class='ocrx_word' id='word_1_296' title='bbox 1101 2400 1116 2444; x_wconf 91' lang='grc' dir='ltr'>ΙΙ</span> <span class='ocrx_word' id='word_1_297' title='bbox 1173 2401 1213 2434; x_wconf 80' lang='lat'>13</span> <span class='ocrx_word' id='word_1_298' title='bbox 1239 2399 1486 2443; x_wconf 83' lang='grc' dir='ltr'>ἐκχωρήσεως</span> <span class='ocrx_word' id='word_1_299' title='bbox 1514 2400 1579 2432; x_wconf 76' lang='lat' dir='ltr'>Hs:</span> <span class='ocrx_word' id='word_1_300' title='bbox 1616 2399 1675 2441; x_wconf 86' lang='grc' dir='ltr'>ἑγ-</span> 
     </span>
     <span class='ocr_line' id='line_1_31' title="bbox 262 2457 1675 2503; baseline -0.001 -12"><span class='ocrx_word' id='word_1_301' title='bbox 262 2457 466 2501; x_wconf 83' lang='grc' dir='ltr'>χωρήσεως</span> <span class='ocrx_word' id='word_1_302' title='bbox 492 2459 618 2501; x_wconf 80' lang='lat' dir='ltr'>BFPQ</span> <span class='ocrx_word' id='word_1_303' title='bbox 653 2458 660 2503; x_wconf 94' lang='grc' dir='ltr'>Ι</span> <span class='ocrx_word' id='word_1_304' title='bbox 694 2459 846 2493; x_wconf 88' lang='grc' dir='ltr'>πόλλων</span> <span class='ocrx_word' id='word_1_305' title='bbox 875 2460 890 2491; x_wconf 85' lang='lat' dir='ltr'>f</span> <span class='ocrx_word' id='word_1_306' title='bbox 933 2459 948 2502; x_wconf 93' lang='grc' dir='ltr'>ΙΙ</span> <span class='ocrx_word' id='word_1_307' title='bbox 1000 2461 1044 2493; x_wconf 79' lang='lat'>14</span> <span class='ocrx_word' id='word_1_308' title='bbox 1074 2458 1280 2502; x_wconf 86' lang='grc' dir='ltr'>ἀσφαλείας</span> <span class='ocrx_word' id='word_1_309' title='bbox 1306 2459 1353 2492; x_wconf 90' lang='lat' dir='ltr'>H.</span> <span class='ocrx_word' id='word_1_310' title='bbox 1381 2459 1487 2493; x_wconf 85' lang='grc' dir='ltr'>ἄδεια</span> <span class='ocrx_word' id='word_1_311' title='bbox 1514 2459 1675 2492; x_wconf 88' lang='lat' dir='ltr'>coniece-</span> 
     </span>
     <span class='ocr_line' id='line_1_32' title="bbox 261 2514 1672 2561; baseline 0.003 -13"><span class='ocrx_word' id='word_1_312' title='bbox 261 2527 333 2548; x_wconf 90' lang='lat' dir='ltr'>ram</span> <span class='ocrx_word' id='word_1_313' title='bbox 367 2515 382 2559; x_wconf 88' lang='grc' dir='ltr'>ΙΙ</span> <span class='ocrx_word' id='word_1_314' title='bbox 420 2516 462 2549; x_wconf 80' lang='grc'><strong>16</strong></span> <span class='ocrx_word' id='word_1_315' title='bbox 490 2514 675 2561; x_wconf 87' lang='grc' dir='ltr'>[φύσεως]</span> <span class='ocrx_word' id='word_1_316' title='bbox 695 2518 939 2560; x_wconf 81' lang='lat' dir='ltr'>conpendiose</span> <span class='ocrx_word' id='word_1_317' title='bbox 958 2517 1006 2551; x_wconf 75' lang='lat'>1³²</span> <span class='ocrx_word' id='word_1_318' title='bbox 1028 2518 1034 2560; x_wconf 95' lang='grc' dir='ltr'>Ι</span> <span class='ocrx_word' id='word_1_319' title='bbox 1056 2519 1117 2552; x_wconf 76' lang='grc' dir='ltr'>καί</span> <span class='ocrx_word' id='word_1_320' title='bbox 1143 2523 1225 2561; x_wconf 87' lang='lat' dir='ltr'>post</span> <span class='ocrx_word' id='word_1_321' title='bbox 1252 2517 1409 2561; x_wconf 80' lang='grc' dir='ltr'>ὥρισται</span> <span class='ocrx_word' id='word_1_322' title='bbox 1433 2518 1489 2550; x_wconf 82' lang='lat' dir='ltr'>bis</span> <span class='ocrx_word' id='word_1_323' title='bbox 1517 2519 1577 2549; x_wconf 88' lang='lat' dir='ltr'>dat</span> <span class='ocrx_word' id='word_1_324' title='bbox 1603 2518 1632 2550; x_wconf 90' lang='lat' dir='ltr'>B</span> <span class='ocrx_word' id='word_1_325' title='bbox 1661 2516 1672 2561; x_wconf 71' lang='lat'>3!</span> 
     </span>
     <span class='ocr_line' id='line_1_33' title="bbox 263 2572 1673 2621; baseline 0 -13"><span class='ocrx_word' id='word_1_326' title='bbox 263 2575 307 2609; x_wconf 81' lang='lat'>16</span> <span class='ocrx_word' id='word_1_327' title='bbox 334 2575 430 2609; x_wconf 80' lang='grc' dir='ltr'>ἐστι·</span> <span class='ocrx_word' id='word_1_328' title='bbox 452 2576 481 2607; x_wconf 80' lang='lat' dir='ltr'>F</span> <span class='ocrx_word' id='word_1_329' title='bbox 513 2572 530 2621; x_wconf 76' lang='grc' dir='ltr'>ΙΙ</span> <span class='ocrx_word' id='word_1_330' title='bbox 567 2575 607 2608; x_wconf 88' lang='grc'><strong>17</strong></span> <span class='ocrx_word' id='word_1_331' title='bbox 635 2576 774 2619; x_wconf 84' lang='grc' dir='ltr'>βραχέα</span> <span class='ocrx_word' id='word_1_332' title='bbox 800 2575 928 2608; x_wconf 79' lang='lat' dir='ltr'>BFP¹s</span> <span class='ocrx_word' id='word_1_333' title='bbox 951 2577 1137 2609; x_wconf 81' lang='lat' dir='ltr'><strong>Vitruuius</strong></span> <span class='ocrx_word' id='word_1_334' title='bbox 1164 2576 1310 2614; x_wconf 79' lang='lat' dir='ltr'>Seneca,</span> <span class='ocrx_word' id='word_1_335' title='bbox 1337 2587 1401 2609; x_wconf 88' lang='lat' dir='ltr'>nec</span> <span class='ocrx_word' id='word_1_336' title='bbox 1428 2577 1530 2609; x_wconf 81' lang='lat' dir='ltr'>aliter</span> <span class='ocrx_word' id='word_1_337' title='bbox 1548 2575 1673 2608; x_wconf 86' lang='lat' dir='ltr'>Cicero</span> 
     </span>
     <span class='ocr_line' id='line_1_34' title="bbox 262 2633 1674 2679; baseline 0 -13"><span class='ocrx_word' id='word_1_338' title='bbox 262 2633 322 2676; x_wconf 84' lang='lat' dir='ltr'>qui</span> <span class='ocrx_word' id='word_1_339' title='bbox 353 2645 426 2666; x_wconf 84' lang='lat' dir='ltr'>non</span> <span class='ocrx_word' id='word_1_340' title='bbox 455 2634 572 2678; x_wconf 80' lang='lat' dir='ltr'>potuit</span> <span class='ocrx_word' id='word_1_341' title='bbox 596 2637 772 2676; x_wconf 75' lang='lat' dir='ltr'><em>exiguam</em></span> <span class='ocrx_word' id='word_1_342' title='bbox 788 2635 989 2679; x_wconf 81' lang='lat' dir='ltr'><em>fortunam</em></span> <span class='ocrx_word' id='word_1_343' title='bbox 1024 2637 1251 2668; x_wconf 75' lang='lat' dir='ltr'><em>interuenire</em></span> <span class='ocrx_word' id='word_1_344' title='bbox 1283 2636 1446 2678; x_wconf 78' lang='lat' dir='ltr'><em>sapienti</em></span> <span class='ocrx_word' id='word_1_345' title='bbox 1476 2635 1595 2667; x_wconf 86' lang='lat' dir='ltr'>dicere</span> <span class='ocrx_word' id='word_1_346' title='bbox 1629 2635 1674 2667; x_wconf 82' lang='lat' dir='ltr'>de</span> 
     </span>
     <span class='ocr_line' id='line_1_35' title="bbox 261 2691 1674 2737; baseline 0.001 -12"><span class='ocrx_word' id='word_1_347' title='bbox 261 2693 318 2726; x_wconf 78' lang='lat' dir='ltr'>fin.</span> <span class='ocrx_word' id='word_1_348' title='bbox 342 2700 356 2727; x_wconf 93' lang='lat'>1</span> <span class='ocrx_word' id='word_1_349' title='bbox 384 2693 438 2731; x_wconf 88' lang='lat'>19,</span> <span class='ocrx_word' id='word_1_350' title='bbox 456 2692 501 2726; x_wconf 85' lang='lat'>63</span> <span class='ocrx_word' id='word_1_351' title='bbox 530 2691 651 2734; x_wconf 84' lang='lat'>(1127,</span> <span class='ocrx_word' id='word_1_352' title='bbox 669 2693 731 2736; x_wconf 81' lang='lat'>89)</span> <span class='ocrx_word' id='word_1_353' title='bbox 767 2693 873 2726; x_wconf 85' lang='lat' dir='ltr'><strong>Tusc.</strong></span> <span class='ocrx_word' id='word_1_354' title='bbox 901 2693 992 2736; x_wconf 88' lang='lat' dir='ltr'><strong>disp.</strong></span> <span class='ocrx_word' id='word_1_355' title='bbox 1019 2701 1041 2725; x_wconf 90' lang='lat' dir='ltr'>v</span> <span class='ocrx_word' id='word_1_356' title='bbox 1067 2693 1102 2732; x_wconf 78' lang='lat'>9,</span> <span class='ocrx_word' id='word_1_357' title='bbox 1129 2694 1175 2727; x_wconf 79' lang='lat'>26</span> <span class='ocrx_word' id='word_1_358' title='bbox 1202 2693 1265 2727; x_wconf 86' lang='lat' dir='ltr'>sed</span> <span class='ocrx_word' id='word_1_359' title='bbox 1292 2695 1487 2736; x_wconf 74' lang='lat' dir='ltr'><em>exiguum:</em></span> <span class='ocrx_word' id='word_1_360' title='bbox 1522 2694 1674 2737; x_wconf 73' lang='grc' dir='ltr'>βραχεῖα</span> 
     </span>
     <span class='ocr_line' id='line_1_36' title="bbox 261 2751 921 2796; baseline 0 -11"><span class='ocrx_word' id='word_1_361' title='bbox 261 2751 381 2794; x_wconf 77' lang='lat' dir='ltr'><strong>HP²Q</strong></span> <span class='ocrx_word' id='word_1_362' title='bbox 410 2752 586 2784; x_wconf 81' lang='lat' dir='ltr'>Stobaeus</span> <span class='ocrx_word' id='word_1_363' title='bbox 609 2752 616 2796; x_wconf 88' lang='grc' dir='ltr'>Ι</span> <span class='ocrx_word' id='word_1_364' title='bbox 637 2752 732 2796; x_wconf 81' lang='grc' dir='ltr'>τύχῃ</span> <span class='ocrx_word' id='word_1_365' title='bbox 761 2752 921 2785; x_wconf 85' lang='lat' dir='ltr'>Cobetus</span> 
     </span>
    </p>
   </div>
   <div class='ocr_carea' id='block_1_4' title="bbox 1709 568 1776 602">
    <p class='ocr_par' dir='ltr' id='par_1_9' title="bbox 1709 568 1776 602">
     <span class='ocr_line' id='line_1_37' title="bbox 1709 568 1776 602; baseline 0.03 -2"><span class='ocrx_word' id='word_1_366' title='bbox 1709 568 1776 602; x_wconf 79' lang='lat'>143</span> 
     </span>
    </p>
   </div>
   <div class='ocr_carea' id='block_1_5' title="bbox 1708 1006 1737 1031">
    <p class='ocr_par' dir='ltr' id='par_1_10' title="bbox 1708 1006 1737 1031">
     <span class='ocr_line' id='line_1_38' title="bbox 1708 1006 1737 1031; baseline -0.034 0"><span class='ocrx_word' id='word_1_367' title='bbox 1708 1006 1737 1031; x_wconf 83' lang='lat'>10</span> 
     </span>
    </p>
   </div>
   <div class='ocr_carea' id='block_1_6' title="bbox 1706 1367 1775 1400">
    <p class='ocr_par' dir='ltr' id='par_1_11' title="bbox 1706 1367 1775 1400">
     <span class='ocr_line' id='line_1_39' title="bbox 1706 1367 1775 1400; baseline 0 0"><span class='ocrx_word' id='word_1_368' title='bbox 1706 1367 1775 1400; x_wconf 76' lang='lat'>144</span> 
     </span>
    </p>
   </div>
  </div>
 </body>
</html>
