1846 3288
310 249 357 282 20
910 245 1116 278 EPICVRI

311 364 471 412 θερμοῦ
504 374 598 401 τινα
631 363 783 411 κρᾶσιν
817 360 958 410 ἔχοντι
996 360 1064 400 καὶ
1101 362 1158 412 πῇ
1192 360 1267 407 μὲν
1298 357 1440 411 τούτῳ
1476 365 1718 407 προσεμφε-

312 434 396 485 ρές,
427 437 484 487 πῇ
513 435 560 474 δὲ
582 433 736 486 τούτῳ,
767 433 834 473 ἐπὶ
865 433 912 473 δὲ
943 433 1020 472 τοῦ
1054 431 1210 481 μέρους
1242 430 1408 480 πολλὴν
1437 429 1719 480 παραλλαγὴν

312 506 492 557 εἰληφὸς
524 509 573 558 τῇ
607 505 886 557 λεπτομερείᾳ
918 504 985 544 καὶ
1017 503 1160 543 αὐτῶν
1192 502 1370 552 τούτων,
1417 502 1641 551 συμπαθὲς
1672 501 1719 541 δὲ

312 578 453 632 τούτῳ
497 580 661 628 μᾶλλον
698 578 765 617 καὶ
798 580 857 630 τῷ
893 579 1028 628 λοιπῷ
1061 573 1333 626 ἀθροίσματι·
1394 576 1526 616 τοῦτο
1557 574 1603 614 δὲ
1633 574 1720 614 πᾶν

311 650 353 692 αἱ
385 651 586 700 δυνάμεις
623 651 700 700 τῆς
742 651 884 699 ψυχῆς
923 651 1071 697 διῆγον
1111 649 1178 688 καὶ
1208 648 1261 688 τα
1292 649 1405 697 πάθη
1439 647 1506 687 καὶ
1539 646 1580 687 αἱ
1612 645 1719 687 εὐκι-

310 724 454 774 νησίαι
493 723 560 764 καὶ
598 721 639 763 αἱ
678 722 925 771 διανοήσεις
967 721 1034 761 καὶ
1072 719 1133 762 ὧν
1171 721 1426 771 στερόμενοι
1465 721 1719 773 θνῄσκομεν.

315 795 387 836 Καὶ
420 795 500 844 μὴν
532 795 598 834 καὶ
632 793 696 834 ὅτι
728 793 812 843 ἔχει
834 793 858 842 ἡ
883 794 996 842 ψυχὴ
1031 795 1106 842 τῆς
1129 792 1376 843 αἰσθήσεως
1408 793 1484 842 τὴν
1514 792 1720 842 πλείστην

313 868 462 914 αἰτίαν,
505 868 568 908 δεῖ
606 867 820 916 κατέχειν·
880 866 930 906 οὐ
964 866 1044 915 μὴν
1083 864 1248 916 εἰλήφει
1288 864 1339 906 ἂν
1375 865 1546 915 ταύτην,
1592 864 1627 906 εἰ
1666 864 1719 915 μὴ

312 940 395 981 ὑπὸ
428 942 504 980 τοῦ
538 941 690 980 λοιποῦ
724 937 1015 989 ἀθροίσματος
1047 937 1304 985 ἐστεγάζετό
1336 951 1439 988 πως.
1493 938 1544 978 τὸ
1566 938 1613 978 δὲ
1636 939 1720 978 λοι-

311 1013 395 1054 πὸν
438 1012 650 1062 ἄθροισμα
689 1011 1032 1062 παρασκευάσαν
1073 1011 1210 1064 ἐκείνῃ
1255 1011 1332 1060 τὴν
1379 1009 1515 1051 αἰτίαν
1561 1009 1721 1060 ταύτην

313 1085 540 1136 μετείληφε
580 1084 647 1124 καὶ
686 1084 791 1124 αὐτὸ
829 1084 1029 1125 τοιούτου
1061 1083 1379 1134 συμπτώματος
1415 1084 1516 1134 παρ’
1545 1083 1722 1133 ἐκείνης,

313 1156 364 1197 οὐ
398 1157 541 1206 μέντοι
571 1156 747 1197 πάντων
780 1155 841 1196 ὧν
873 1156 1011 1205 εκείνη
1046 1157 1260 1207 κέκτηται·
1301 1158 1367 1197 διὸ
1399 1155 1723 1206 ἀπαλλαγείσης

312 1231 388 1278 τῆς
419 1231 561 1279 ψυχῆς
596 1228 673 1269 οὐκ
705 1229 791 1279 ἔχει
821 1229 899 1278 τὴν
931 1228 1143 1278 αἴσθησιν.
1205 1228 1359 1279 οὐγὰρ
1381 1228 1488 1269 αὐτὸ
1512 1229 1558 1269 ἑν
1581 1228 1722 1282 ἑαυτῷ

313 1301 472 1350 ταύτην
511 1301 712 1350 ἐκέκτητο
746 1302 822 1350 τὴν
854 1301 1045 1351 δύναμιν,
1093 1300 1184 1341 ἀλλ’
1217 1301 1368 1352 ἕτερον
1400 1301 1486 1352 ἅμα
1518 1311 1723 1351 συγγεγε-

312 1374 499 1423 νημένον
538 1374 654 1428 αὐτῷ
693 1374 1026 1424 παρεσκεύαζεν,
1073 1373 1097 1414 ὃ
1138 1374 1207 1414 διὰ
1244 1368 1323 1424 τῆς
1359 1374 1723 1424 συντελεσθείσης

312 1446 408 1496 περὶ
441 1446 546 1487 αὐτὸ
579 1446 804 1496 δυνάμεως
842 1447 948 1487 κατὰ
981 1447 1057 1496 τὴν
1089 1446 1254 1496 κίνησιν
1294 1446 1535 1497 σύμπτωμα
1577 1446 1724 1496 αἰσθη-

312 1519 429 1559 τικὸν
462 1518 589 1568 εὐθὺς
628 1518 871 1560 ἀποτελοῦν
908 1519 1048 1573 ἑαυτῷ
1090 1518 1295 1560 ἀπεδίδου
1333 1520 1440 1560 κατὰ
1477 1520 1555 1569 τὴν
1595 1518 1724 1568 ὁμού-

313 1601 438 1642 ρησιν
470 1592 537 1632 καὶ
569 1592 837 1642 συμπάθειαν
869 1592 937 1632 καὶ
967 1592 1128 1646 ἐκείνῳ,
1161 1591 1271 1633 καθά
1301 1605 1379 1643 περ
1409 1591 1540 1633 εἶπον.
1583 1592 1649 1633 διὸ
1671 1591 1722 1641 δὴ

440 1769 454 1800 1
484 1767 615 1810 κράσιν
642 1768 671 1799 F
704 1768 709 1809 1
742 1771 858 1802 τοῦτο
885 1769 980 1811 πρὸς
1008 1769 1184 1812 ἐμφερές·
1212 1770 1241 1800 F
1282 1769 1297 1813 Η
1341 1771 1362 1802 2
1387 1768 1466 1813 nffi}
1494 1769 1534 1803 δὲ
1560 1770 1597 1801 Η
1626 1769 1632 1811 1
1665 1768 1724 1802 ἐπὶ

315 1825 356 1859 δὲ
374 1828 443 1859 τοῦ
462 1826 610 1870 μέρους]
637 1827 716 1860 ἔστι
743 1828 782 1862 δὲ
809 1828 853 1860 τὸ
881 1828 991 1870 μέρος
1017 1828 1099 1860 libri
1135 1828 1214 1862 ἔστι
1242 1828 1282 1862 δέ
1307 1839 1342 1861 τι
1369 1829 1480 1871 μέρος
1497 1828 1656 1870 Woltjer
1680 1828 1724 1859 de

314 1885 470 1916 Lucretii
494 1885 726 1928 philosophia
751 1898 784 1930 p.
805 1887 846 1919 61
884 1886 898 1929 11
934 1888 954 1920 3
980 1886 1145 1929 εἰληφὼς
1162 1888 1191 1918 F
1213 1886 1219 1930 Ι
1241 1886 1467 1930 λεπτομερία
1493 1888 1522 1919 B
1557 1885 1571 1930 ss
1605 1888 1627 1919 4
1653 1885 1724 1929 καὶ]

315 1943 336 1984 ἢ
365 1943 662 1977 CFHermannus.
689 1946 751 1976 scd
779 1946 835 1977 hic
862 1946 1001 1978 datiuus
1030 1947 1074 1977 ad
1101 1947 1292 1987 συμπαθές
1318 1947 1476 1988 refertur,
1501 1946 1628 1989 τούτῳ
1648 1955 1726 1977 cau-

315 2012 388 2033 sam
417 2002 548 2034 indicat
591 2002 605 2046 Η
648 2005 668 2038 5
696 2004 839 2047 διῆγον]
867 2005 981 2047 δῆλον
1009 2005 1102 2037 libri.
1143 2005 1185 2037 cs.
1205 2007 1389 2038 Lucretius
1414 2012 1456 2037 ΠΙ
1477 2005 1546 2038 324
1574 2007 1727 2046 ipsaque

315 2064 475 2102 corporis
508 2067 563 2093 est
591 2067 710 2095 custos
742 2070 775 2096 et
806 2074 917 2096 causa
950 2067 1086 2096 salutis
1121 2070 1154 2096 et
1181 2066 1376 2105 sequentia,
1416 2064 1504 2096 ibid.
1535 2063 1615 2096 125.
1645 2062 1722 2095 127.

315 2119 380 2152 281
413 2120 458 2152 al.
481 2119 485 2163 Ι
509 2119 546 2153 αἱ
573 2127 653 2153 ante
679 2122 886 2165 εὐκινησίαι
913 2124 1079 2156 omissum
1110 2124 1290 2166 suppleuit
1314 2122 1358 2154 P¹
1401 2122 1416 2166 u
1461 2122 1481 2156 6
1506 2122 1725 2165 στερόμενοι

315 2177 466 2210 ΡΗὲΡῖῑ
508 2180 750 2222 ειτερούμενοῖ
783 2182 909 2224 reliqui
968 2182 982 2224 ss
1040 2182 1061 2215 9
1089 2182 1163 2216 ὑπὸ
1189 2185 1258 2215 τοῦ
1286 2193 1363 2214 cum
1389 2182 1494 2213 litura
1520 2179 1565 2212 Ρι
1589 2179 1595 2224 1
1622 2180 1723 2213 ἑστε-

315 2237 439 2277 γίζετο
465 2237 507 2267 F¹
554 2238 568 2280 Η
613 2239 656 2271 10
681 2243 974 2282 παρασκευᾶσαν
1001 2240 1080 2282 P²Q
1106 2240 1391 2283 παρασκευάσαι
1416 2241 1445 2271 Β
1475 2240 1480 2281 1
1515 2238 1637 2282 ἐκείνῃ
1667 2249 1724 2270 om

315 2296 420 2338 FGs!
442 2296 564 2330 αἰτίαν
592 2299 635 2331 cf.
656 2310 762 2341 supra
779 2310 811 2330 u.
829 2299 848 2331 7
865 2311 915 2342 sq.
959 2298 973 2342 ll
1019 2301 1056 2333 11
1087 2299 1301 2343 [μετείληφε
1328 2302 1387 2333 καὶ
1414 2299 1507 2333 αὐτὸ
1533 2297 1723 2342 τοι]ούτου

315 2355 345 2385 F
367 2355 372 2396 1
396 2356 618 2398 μετείληφεν
646 2358 674 2389 Ρ
696 2358 702 2400 Ι
725 2358 915 2394 τοιούτουῖ
942 2362 1093 2393 τοιοῦτο
1121 2358 1156 2401 (ν
1185 2370 1290 2402 supra
1315 2370 1380 2391 scr.
1399 2369 1457 2391 rec
1476 2356 1538 2402 B2)
1564 2361 1632 2391 τοῦ
1659 2357 1724 2399 BQ

315 2424 485 2447 romum»
500 2429 512 2441 ·
534 2415 578 2446 P*
602 2416 606 2457 Ι
631 2415 784 2457 ἐκείνοις
811 2423 842 2448 et
864 2418 905 2449 12
925 2416 1059 2451 ἐκείνοι
1078 2418 1113 2448 Η
1157 2418 1172 2459 ῃ
1216 2417 1257 2449 13
1286 2418 1432 2451 ἐναυτῶ
1459 2417 1522 2448 sed
1543 2416 1559 2449 ἑ
1578 2425 1683 2458 supra
1701 2425 1724 2448 α

315 2472 433 2514 posito
461 2473 505 2504 Ρ1
558 2474 572 2515 Η
630 2475 672 2506 14
699 2475 878 2517 ἐκέκτητο
905 2477 975 2517 τὴν
1004 2476 1160 2516 δύναμιν
1187 2477 1222 2507 in
1248 2487 1313 2508 ras.
1341 2477 1376 2507 H
1416 2475 1420 2518 Ι
1460 2476 1577 2518 ἑτέρω
1604 2474 1688 2507 libri
1721 2473 1726 2518 Ι

316 2530 681 2576 συῑγγᾹεγενημὲνίω]
709 2534 738 2564 Β
767 2534 1081 2576 συγγεγενημένω
1108 2535 1190 2566 ΝΗ
1211 2539 1245 2566 et
1270 2544 1292 2575 η
1319 2535 1355 2566 'm
1382 2545 1448 2566 ras.
1475 2533 1521 2565 Ρ2
1548 2542 1722 2573 συνγεγε·

315 2590 466 2631 νημένω
493 2591 527 2621 H
566 2593 858 2633 συγγεννημένω
887 2594 917 2633 Q
959 2592 973 2634 Η
1019 2594 1060 2626 15
1086 2591 1206 2637 αὐτῷ]
1234 2593 1328 2626 αὐτὸ
1354 2593 1390 2624 Η
1426 2594 1443 2632 l⁴
1467 2592 1723 2636 παρεσκεύαζε

318 2648 377 2682 διὰ
396 2649 446 2680 Gs
465 2650 470 2690 ξ
492 2659 560 2691 της
583 2651 819 2693 τελεσθείσης
838 2653 888 2682 H¹
921 2651 935 2693 ΙΙ
970 2652 1012 2685 16
1039 2652 1144 2695 αὐτὸ]
1171 2652 1275 2686 αὐτῶ
1294 2653 1393 2685 B¹Gf
1412 2653 1418 2694 ᾖ
1441 2651 1584 2695 κίνησιν
1611 2652 1724 2693 ΒΡὮ

316 2707 391 2748 εἶχε
418 2706 563 2749 κίνησιν
590 2719 648 2749 mg
674 2707 735 2741 P'²:
777 2709 920 2751 δίνησιν
949 2710 1064 2741 FHP2
1102 2711 1257 2753 δύνησιν
1282 2712 1333 2743 Gs
1377 2711 1393 2753 l!
1446 2712 1487 2744 17
1516 2711 1723 2753 ὁμούρησιν

316 2764 423 2803 B²Gf‚
449 2775 495 2808 γρ
513 2777 570 2807 mg
591 2766 637 2797 P²
663 2766 894 2811 [ὁ]μούρησιν
913 2769 958 2800 F:
986 2769 1080 2810 ὁμοῦ
1108 2771 1215 2812 ρῆσιν
1242 2769 1409 2811 B¹HP¹Q
1442 2768 1459 2814 Η
1495 2767 1539 2803 18
1557 2769 1678 2803 ἐκεῖνο
1694 2769 1724 2800 F

1745 869 1790 903 64

1747 1025 1777 1048 10

1748 1391 1779 1415 15

1749 1599 1795 1632 65
