1842 3250
582 237 790 273 EPICVRI
818 237 1099 272 EPISTVLAE
1486 236 1553 273 163

139 354 272 397 pendet
288 354 483 397 Epicurus:
511 353 877 395 magnificentior
905 378 914 387 .
936 378 944 388 .
963 378 971 387 .
998 353 1314 397 probabuntur.
1348 353 1429 395 Ego
1455 359 1552 386 certe

138 418 241 450 aliter
265 419 372 450 audio
390 429 481 461 quae
498 418 586 451 dicit
602 417 806 451 Demetrius
832 423 965 455 noster,
994 427 1072 451 cum
1099 417 1200 450 illum
1225 418 1302 451 uidi
1324 418 1457 451 nudum
1485 442 1494 451 .
1514 444 1521 453 .
1542 444 1550 451 .

136 482 380 516 incubantem:
408 493 481 516 non
504 486 714 527 praeceptor
739 482 816 516 ueri
842 483 906 515 sed
931 482 1033 516 testis
1062 488 1115 516 est
1125 482 1145 517 '.

33 567 127 604 207*
249 567 444 617 κρεῖττον
472 564 521 606 δέ
552 574 625 606 σοι
655 565 830 617 θαρρεῖν
862 562 930 606 ἐπὶ
960 564 1169 617 στιβάδος
1198 564 1493 620 κατακειμένῳ
1523 564 1549 616 ἢ

94 651 111 677 r,
136 636 425 690 ταράττεσθαι
452 639 618 690 χρυσῆν
644 637 788 689 ἔχοντι
815 637 964 688 κλίνην
985 637 1053 680 καὶ
1075 639 1291 689 πολυτελῆ
1320 636 1550 689 τράπεζαν.

136 708 380 745 PORPquvs
395 711 441 744 ad
456 710 618 744 Marcell.
631 710 676 745 ‘39
690 721 725 754 p.
738 710 820 749 209,
830 710 850 744 3
867 711 911 743 cf.
926 711 1052 744 Ioann.
1066 710 1168 744 Stob.
1185 711 1260 745 flor.
1272 718 1300 743 V
1311 710 1357 745 28
1368 711 1415 754 (u.
1426 709 1551 754 praes.)

37 800 108 834 208
249 793 355 832 haec
390 807 470 844 ego
508 806 592 832 non
627 793 780 839 multis,
821 795 898 832 sed
936 795 1027 832 tibi:
1077 795 1178 832 satis
1210 795 1320 833 euim
1352 805 1549 845 magnum

135 868 239 904 alter
269 868 384 905 alteri
414 867 619 905 theatrum
650 878 804 905 sumus.

135 935 282 972 SUOEOA
311 938 415 982 epist.
438 938 533 977 7311
569 937 733 981 ‘egregie
757 934 827 972 hoc
855 955 896 963 —-
924 939 1115 982 Epicurus,
1142 949 1220 971 cum
1247 939 1308 972 uni
1335 949 1378 972 ex
1404 948 1549 972 consor*-

79 1012 111 1036 m
134 1002 231 1035 tibus
258 1002 457 1036 studiorum
490 1009 634 1036 suorum
668 1003 858 1036 scriberet:
899 1001 1005 1035 haec
1037 1002 1154 1045 inquit
1189 1013 1273 1045 ego
1302 1029 1309 1036 .
1329 1030 1336 1036 .
1360 1029 1368 1038 .
1393 1013 1550 1037 snmus.

133 1067 212 1106 ista,
230 1067 278 1100 mi
296 1066 428 1105 Lucili,
454 1065 646 1099 condenda
671 1065 708 1099 iu
734 1066 890 1099 animum
916 1071 1009 1104 sunt,
1036 1072 1076 1099 ut
1101 1071 1308 1103 contemnas
1328 1067 1550 1112 uoluptatem

134 1142 177 1164 ex
201 1130 357 1175 plurium
383 1130 600 1164 adsensione
626 1130 831 1163 uenientem
842 1130 862 1164 ³.

37 1220 108 1254 209
246 1220 345 1252 tunc
379 1214 603 1265 praecipue
640 1214 680 1251 in
716 1220 757 1252 te
793 1214 882 1264 ipse
915 1215 1086 1259 secede,
1129 1226 1224 1253 cum
1255 1226 1349 1253 esse
1386 1215 1550 1266 cogeris

133 1289 174 1328 in
205 1287 336 1327 turba.

79 1369 109 1395 15
134 1358 286 1394 stunc».
313 1371 368 1404 ep.
392 1359 449 1398 25,
468 1359 490 1392 6
514 1359 612 1393 ‘cum
637 1358 707 1392 hoc
734 1358 895 1392 effeceris
920 1363 957 1391 et
984 1357 1106 1402 aliqua
1130 1359 1292 1402 coeperit
1318 1360 1411 1403 apud
1436 1366 1471 1394 te
1498 1361 1551 1395 tui

135 1435 218 1459 esse
241 1423 413 1468 dignatio,
439 1424 608 1468 incipiam
636 1424 705 1458 tibi
730 1423 938 1468 permittere
963 1423 1062 1467 quod
1086 1422 1183 1457 idem
1209 1424 1337 1457 suadet
1354 1424 1549 1468 Epicurus:

133 1496 234 1524 tunc
261 1517 269 1524 .
287 1515 293 1522 .
314 1515 323 1524 .
350 1488 506 1522 turba’.

35 1577 107 1612 210
246 1572 391 1622 aliquis
419 1573 480 1610 uir
509 1573 642 1610 bonus
673 1571 792 1610 nobis
822 1572 1058 1621 diligendus
1084 1578 1150 1617 est
1177 1584 1227 1610 ac
1257 1584 1422 1623 semper
1452 1579 1549 1611 ante

134 1646 275 1684 oculos
310 1644 542 1688 habendus,
586 1646 719 1683 uteie
751 1652 962 1694 tamquam
998 1644 1066 1682 illo
1103 1652 1321 1695 spectante
1360 1646 1548 1685 uiuamus

77 1731 111 1757 20
135 1725 177 1757 et
206 1719 344 1757 omnia
373 1725 582 1767 tamquam
612 1718 681 1756 illo
714 1718 886 1756 uidente
917 1718 1132 1756 faciamus.

133 1788 283 1825 SENECA
311 1789 413 1834 epist.
442 1791 497 1828 11,
521 1789 543 1823 8
570 1788 658 1823 ‘iam
686 1789 886 1823 clausulam
913 1789 1071 1834 epistula
1095 1790 1224 1834 poscit.
1252 1790 1386 1833 accipe,
1414 1795 1449 1823 et
1473 1791 1550 1835 qui-

133 1855 214 1887 dem
245 1854 371 1888 utilem
396 1865 436 1887 ac
462 1853 666 1893 salutarem,
703 1863 810 1898 quam
836 1859 872 1888 te
899 1854 1043 1896 affigere
1079 1855 1196 1888 animo
1233 1855 1336 1888 uolo:
1381 1854 1549 1898 aliquis

135 1944 170 1953 ..
191 1943 199 1952 .
219 1943 229 1953 .
262 1918 483 1954 faciamus.
534 1918 615 1958 hoc,
654 1919 702 1953 mi
735 1919 869 1959 Lucili,
904 1910 1082 1963 Epicurus
1115 1920 1311 1965 praecepit.
1362 1920 1549 1954 custodem

0 1995 19 2042 ‘¹-
132 1983 240 2018 nobis
267 1989 302 2022 et
325 1983 574 2036 paedagogum
600 1983 711 2019 dedit,
762 1993 828 2018 nec
853 1984 1034 2017 inmerito:
1060 1994 1188 2026 magna
1213 1994 1295 2028 pars
1322 1990 1550 2028 peccatorum

2 2047 5 2068 ἱ
77 2057 110 2084 25
134 2047 286 2087 tollitur,
312 2048 342 2080 si
367 2048 568 2092 peccaturis
593 2046 696 2089 testis
722 2048 867 2082 adsistit
876 2047 896 2083 '.

0 2130 6 2175 ἦ
37 2140 104 2174 211
246 2132 305 2170 sic
334 2130 400 2170 fac
428 2131 581 2179 omnia,
610 2138 824 2183 tamquam
856 2138 1018 2182 spectet
1049 2132 1265 2182 Epicurus.

5 2188 7 2190 Ι
135 2201 286 2238 Smch
313 2213 368 2248 ep.
391 2202 451 2242 25,
477 2203 499 2236 5
550 2202 756 2247 ‘Epicurus‚
792 2204 893 2236 cuius
921 2203 1075 2247 aliquam
1108 2214 1234 2238 uocem
1261 2203 1344 2237 huic
1371 2203 1550 2248 epistulae

133 2260 329 2306 inuoluam,
357 2267 420 2300 sic
446 2267 513 2300 rac
538 2268 655 2311 inquit
682 2267 825 2302 omnia
850 2293 858 2303 .
882 2295 889 2302 .
910 2294 918 2302 .
945 2268 1195 2312 Epicurus'.

9 2393 11 2398 Α
37 2359 107 2394 212
247 2367 269 2388 ι
303 2349 602 2401 [διατη]ρ[ῶ]ν
619 2349 738 2401 τ[ὴν]
761 2349 996 2401 ἐπιστολὴν
1016 2351 1206 2400 πᾶσαῖν]
1229 2349 1299 2392 καὶ
1319 2349 1397 2393 τὸν
1420 2350 1548 2401 [ἐπι]-

10 2423 12 2428 “
76 2441 109 2465 ao
135 2421 345 2473 λογισμὸν
376 2421 428 2464 ὃν
459 2421 684 2475 ἐπεπόησο
713 2423 812 2475 περὶ
841 2425 930 2465 τῶν
962 2422 1291 2475 [ἀν]θρώ[πω]ν
1318 2423 1421 2475 ὼ[ς]
1444 2423 1548 2475 μήτε

252 2590 274 2623 4
300 2593 476 2633 κρεῖσσον
501 2608 545 2615 -
573 2590 822 2636 κατακειμένη
849 2596 885 2625 et
910 2591 932 2625 5
958 2590 1100 2635 ἐχούσῃ
1125 2590 1347 2634 Porphyrius
1382 2590 1398 2634 ΙΙ
1436 2591 1481 2625 18
1495 2601 1549 2635 sq.

135 2648 180 2681 cf.
207 2649 247 2682 sr.
268 2649 335 2683 211
375 2650 380 2692 Ι
421 2650 468 2683 18·
493 2651 708 2692 dilcgrendus
725 2650 805 2694 Mp:
836 2650 1031 2692 eligendus
1049 2649 1160 2692 uolgo
1200 2650 1205 2693 Ι
1243 2650 1291 2683 20
1317 2652 1467 2683 uiuente
1483 2650 1523 2683 M
1545 2648 1551 2693 Ι

134 2706 178 2740 21
207 2712 243 2740 et
265 2709 409 2750 quidem
435 2707 621 2742 Erasmus:
656 2701 819 2752 equidem
846 2709 940 2752 MPp
987 2708 994 2752 l
1040 2709 1088 2743 25
1107 2710 1315 2751 peccatoris
1342 2708 1397 2740 M¹
1420 2714 1549 2752 pecca-

135 2767 210 2798 tori
232 2764 320 2798 M²P
359 2764 378 2810 11
418 2766 464 2800 30
489 2775 679 2811 επετοησο
706 2778 830 2811 apogr.
865 2768 871 2810 Ι
908 2766 975 2813 ὡς]
1001 2778 1050 2802 o.
1066 2790 1078 2802 .
1107 2778 1228 2812 apogr.

1463 2819 1530 2847 11*
