1842 3250
220 753 289 787 366

320 238 387 271 244
803 240 1006 272 EPICVRI
1032 240 1247 273 PHYSICA

318 359 456 396 putaret
486 354 662 397 Epicurus
696 355 851 387 alienum
888 366 967 388 esse
1002 366 1021 387 a
1053 356 1121 388 cleo
1159 356 1251 388 male
1286 357 1401 389 facere
1437 361 1542 399 atque
1582 367 1725 401 nocere,

319 419 415 460 quod
443 428 484 450 ex
510 419 650 452 adfectu
677 419 882 451 iracundiae
901 419 1109 463 plerumque
1136 421 1300 462 nascitur,
1328 420 1458 453 ademit
1484 421 1517 452 ei
1544 421 1647 453 etiam
1664 421 1726 454 be-

317 483 551 521 neficentiam,
590 483 757 527 quoniam
793 483 939 516 uidebat
973 494 1197 527 consequens
1232 495 1310 517 esse
1345 490 1382 517 ut
1414 485 1444 518 si
1474 485 1606 517 habeat
1638 485 1726 518 iram

318 547 416 585 deus,
455 547 586 579 habeat
619 553 652 579 et
681 548 838 588 gratiam.
890 548 1010 592 itaque
1040 559 1083 580 ne
1114 549 1170 581 illi
1202 550 1329 580 uitium
1356 550 1580 589 concederet,
1621 551 1725 583 etiam

317 611 456 643 uirtutis
487 612 571 643 fecit
604 618 792 654 expertem.
845 622 887 645 ex
916 613 996 651 hoc,
1031 613 1158 656 inquit,
1195 613 1321 645 beatus
1350 618 1383 645 et
1410 615 1634 656 incorruptus
1661 619 1725 652 est,

316 675 398 717 quia
430 674 522 707 nihil
556 681 653 708 curat
686 687 802 719 neque
828 677 937 709 habet
960 678 1038 720 ipse
1066 679 1250 719 negotium
1275 688 1392 721 neque
1420 678 1521 711 alteri
1550 678 1725 712 exhibet’.

434 754 677 790 LACTANTIVS
709 758 753 790 de
778 759 829 790 ira
856 758 913 791 dei
939 759 973 797 4,
1004 759 1044 792 11
1087 758 1175 791 ‘iam
1209 759 1238 791 si
1270 770 1343 791 non
1374 759 1425 791 ira
1456 759 1493 791 in
1525 757 1627 802 (deo)
1659 769 1725 791 nec

315 821 427 860 gratia
460 826 525 859 est,
563 821 683 864 utique
720 833 785 855 nee
817 828 930 855 metus
962 833 1029 855 nec
1061 824 1197 856 laetitia
1232 835 1297 856 nec
1325 834 1462 856 maeror
1493 834 1558 856 nec
1591 823 1725 856 miseri-

315 885 445 919 cordia.
499 896 566 917 una
592 892 646 918 est
673 887 764 918 enim
793 887 880 919 ratio
908 888 1042 920 cunctis
1070 888 1283 926 adfectibus,
1310 899 1378 920 una
1404 887 1606 926 commotio,
1634 896 1725 929 quae

314 950 350 981 in
378 951 481 982 deum
515 950 640 983 cadere
673 962 744 983 non
776 956 905 994 potest.
959 952 1054 994 quod
1091 952 1120 984 si
1153 953 1272 984 nullus
1305 953 1466 984 adfectus
1498 951 1535 983 in
1563 951 1632 983 deo
1659 954 1724 989 est,

315 1015 397 1056 quia
423 1016 593 1058 quicquid
620 1015 781 1048 adficitur
805 1016 1014 1048 inbecillum
1041 1021 1104 1056 est,
1132 1027 1215 1057 ergo
1243 1027 1307 1048 nec
1334 1027 1416 1048 cura
1443 1015 1553 1048 ullius
1581 1015 1632 1047 rei
1658 1025 1724 1047 nec

312 1079 540 1122 prouidentia
567 1083 619 1111 est
645 1080 681 1111 in
709 1091 762 1113 e0.
792 1081 874 1112 Huc
899 1091 1013 1123 usque
1038 1081 1202 1123 peruenit
1228 1081 1398 1123 sapientis
1425 1080 1579 1112 hominis
1606 1080 1725 1122 dispu-

313 1144 412 1182 tatio,
451 1149 568 1176 cetera
600 1154 688 1187 quae
724 1149 890 1176 secuntur
920 1144 1082 1176 obticuit.
1126 1145 1274 1183 scilicet,
1309 1145 1391 1187 quia
1417 1154 1484 1176 nec
1509 1154 1591 1176 cura
1617 1144 1662 1175 sit
1687 1143 1724 1175 in

315 1219 357 1240 eo
384 1219 448 1240 nec
474 1208 710 1252 prouidentia,
752 1219 835 1249 ergo
863 1219 927 1241 nec
953 1209 1204 1249 cogitationem
1239 1208 1393 1251 aliquam
1422 1219 1486 1240 nee
1520 1218 1660 1240 sensum
1688 1208 1724 1239 in

314 1282 357 1304 eo
385 1282 464 1304 esse
491 1272 619 1305 unum:
649 1284 718 1315 quo
748 1273 910 1312 efficitur,
939 1279 976 1305 ut
1003 1284 1075 1305 non
1102 1274 1146 1306 sit
1173 1273 1327 1306 omnino.
1371 1274 1419 1305 ita
1446 1283 1524 1304 cum
1549 1272 1723 1314 gradatim

314 1335 573 1375 descendisset,
600 1337 635 1368 in
663 1344 818 1369 extremo
846 1338 957 1378 gradu
983 1338 1123 1378 restitit,
1151 1339 1233 1379 quia
1258 1337 1326 1370 iam
1351 1337 1597 1380 praecipitium
1626 1337 1723 1368 uide-

313 1400 384 1433 bat.
413 1401 475 1433 sed
502 1401 588 1444 qnid
615 1402 761 1444 prodest
788 1402 974 1434 reticuisse
1001 1413 1040 1434 ac
1066 1402 1263 1444 periculum
1288 1400 1557 1434 dissimulasse?
1600 1411 1722 1434 neces-

313 1465 397 1497 sitas
424 1465 525 1498 illum
551 1466 608 1497 uel
636 1467 784 1499 inuitum
812 1468 937 1499 cadere
966 1466 1112 1508 coegit'.

313 1530 406 1562 idem
425 1530 512 1563 ibid.
535 1530 589 1569 15,
604 1531 624 1563 5
654 1529 751 1562 ‘cum
772 1530 878 1571 igitur
905 1530 975 1562 sint
998 1530 1036 1561 in
1062 1530 1167 1561 rebus
1188 1530 1349 1562 humanis
1370 1530 1466 1561 bona
1485 1535 1519 1562 et
1537 1529 1651 1562 mala.
1669 1555 1677 1564 .
1694 1555 1721 1572 .,

311 1604 457 1626 necesse
492 1599 545 1625 est
576 1594 613 1625 in
645 1598 830 1637 utramque
856 1599 990 1637 partem
1016 1594 1151 1625 moueri
1180 1595 1296 1632 deum,
1340 1598 1374 1625 et
1400 1594 1444 1625 ad
1471 1594 1616 1634 gratiam
1643 1604 1721 1626 cum

311 1657 402 1690 iusta
428 1657 502 1690 fieri
530 1657 640 1695 uidet,
669 1663 703 1690 et
730 1658 772 1689 ad
798 1657 884 1690 iram
911 1668 989 1690 cum
1016 1658 1127 1690 cernit
1152 1658 1293 1691 iniusta,
1345 1657 1409 1690 sed
1436 1658 1588 1690 occurrit
1615 1658 1720 1690 nobis

310 1723 486 1765 Epicurus
513 1733 552 1754 ac
579 1722 682 1754 dicit:
734 1723 769 1754 si
803 1728 866 1754 cst
898 1723 940 1755 in
966 1723 1045 1754 deo
1072 1722 1283 1754 laetitiae
1311 1723 1511 1755 adfectus
1546 1722 1595 1754 ad
1628 1733 1721 1764 gra—

310 1787 412 1819 tiam
439 1792 478 1819 et
505 1787 598 1821 odii
624 1788 673 1820 ad
698 1788 822 1827 iram,
861 1798 1043 1820 necesse
1081 1792 1146 1820 est
1179 1788 1338 1820 habeat
1373 1793 1411 1820 et
1447 1788 1643 1820 timorem
1680 1792 1721 1820 et

310 1851 544 1884 libidinem
580 1856 619 1883 et
652 1852 941 1895 cupiditatem
970 1857 1232 1895 ceterosque
1265 1852 1485 1891 adfectus,
1524 1851 1721 1895 quisunt

310 1915 635 1948 inbecillitatis
663 1915 885 1949 humanae.
913 1926 984 1948 non
1010 1919 1063 1948 est
1088 1925 1236 1948 necesse
1262 1920 1301 1948 ut
1328 1915 1448 1948 timeat
1473 1915 1535 1958 qui
1559 1915 1721 1948 irascitur

311 1985 370 2012 aut
397 1986 550 2013 maereat
575 1981 636 2023 qui
661 1980 792 2021 gaudet
817 2005 826 2013 .
846 2006 853 2014 .
873 2006 880 2013 .
901 2006 908 2013 .
935 1980 1071 2013 timoris
1098 1980 1258 2012 adfectus
1284 1979 1394 2013 habet
1419 1979 1455 2012 in
1480 1979 1624 2012 homine
1649 1990 1719 2012 ma·

309 2045 442 2087 teriam,
467 2045 504 2076 in
531 2045 599 2076 deo
626 2055 697 2077 non
724 2044 852 2077 habet’
881 2049 969 2087 eth.

309 2108 404 2140 idem
430 2109 519 2142 ibid.
550 2109 603 2151 16,
631 2110 650 2142 6
690 2109 829 2142 ‘inania
856 2119 939 2150 ergo
969 2114 1002 2141 et
1028 2109 1118 2141 falsa
1144 2109 1366 2151 reperiuntur
1393 2113 1599 2149 argumenta
1625 2134 1632 2141 .
1654 2134 1661 2142 .
1682 2132 1689 2140 .
1711 2133 1718 2141 .

310 2183 441 2211 eorum,
480 2173 542 2216 qui
577 2172 716 2205 nullum
748 2173 854 2205 animi
889 2178 1021 2206 motum
1055 2183 1133 2205 esse
1159 2173 1195 2205 in
1223 2172 1292 2205 deo
1319 2177 1444 2215 putant
1470 2177 1504 2205 et
1528 2173 1611 2215 quia
1637 2177 1720 2205 sunt

309 2237 420 2280 aliqui
446 2238 605 2269 adfectus
642 2238 700 2280 qui
728 2247 799 2269 non
829 2238 959 2270 cadunt
989 2238 1027 2270 in
1053 2238 1169 2275 deum,
1209 2244 1247 2270 ut
1285 2236 1401 2269 libido
1434 2237 1539 2269 timor
1571 2237 1719 2269 auaritia

308 2313 445 2335 maeror
467 2302 614 2340 inuidia,
641 2302 736 2334 omni
754 2313 900 2345 prorsus
921 2302 1062 2333 adfectu
1091 2312 1169 2333 eum
1195 2311 1321 2334 uacare
1348 2301 1523 2334 dixerunt.
1549 2300 1605 2333 his
1625 2301 1718 2333 enim

307 2372 422 2406 uacat,
451 2367 534 2409 quia
559 2367 726 2399 uitiorum
754 2367 913 2400 adfectus
940 2370 1036 2399 sunt:
1066 2376 1127 2398 eos
1153 2373 1281 2404 autem,
1308 2365 1369 2409 qui
1395 2371 1477 2398 sunt
1501 2365 1655 2403 uirtutis,
1681 2365 1718 2397 id

308 2436 362 2464 est
389 2432 441 2463 ira
467 2432 504 2463 in
528 2431 655 2470 malos,
691 2431 817 2463 caritas
843 2431 880 2463 in
906 2431 1034 2469 bonos,
1074 2430 1253 2462 miseratio
1280 2430 1316 2462 in
1343 2429 1516 2468 adflictos,
1550 2430 1718 2473 quoniam

308 2496 429 2528 diuina
454 2500 632 2539 potestate
660 2499 740 2527 sunt
769 2495 888 2536 digna,
914 2495 1079 2538 propi-ios
1105 2498 1140 2526 et
1166 2494 1280 2526 iustos
1307 2500 1344 2526 et
1368 2504 1473 2527 ueros
1499 2493 1638 2527 habet'.

307 2659 423 2689 autem
447 2660 560 2696 magis
590 2656 635 2687 sit
663 2656 865 2697 ambiguum
892 2656 936 2688 de
962 2657 1023 2695 ira,
1051 2666 1164 2700 paene
1189 2656 1414 2688 manifestum
1438 2655 1484 2688 de
1509 2655 1631 2696 gratia,
1659 2655 1716 2687 ab·

307 2716 451 2748 surdum
478 2719 532 2746 est
559 2725 600 2746 ex
625 2714 761 2747 incerto
794 2721 926 2747 certum
959 2715 1055 2747 uelle
1088 2715 1306 2754 subuertere,
1343 2725 1421 2747 cum
1448 2713 1492 2747 sit
1519 2713 1716 2756 promptius

306 2774 351 2805 de
377 2774 481 2805 certis
508 2774 641 2805 incerta
670 2773 823 2805 firmare’
869 2773 874 2816 Ι
921 2774 942 2806 6
968 2774 1034 2816 Ep.
1059 2778 1147 2805 sent.
1169 2781 1181 2805 1

1750 959 1782 983 10

1749 1281 1778 1305 15

1743 1923 1776 1948 21·

1741 2244 1775 2269 30
