1842 3250
133 1763 204 1798 523

218 241 289 275 318
714 237 919 271 EPICVRI
947 236 1132 270 ETHICA

219 355 374 396 ἡδοναῖς
400 354 423 395 ἡ
453 356 522 387 τοῦ
551 354 726 395 σώματος
752 350 931 395 εὐκρασία
959 352 1019 385 καί
1043 350 1164 392 ὑγίεια
1188 350 1317 394 χώραν
1343 349 1493 384 δίδωσι·
1522 351 1569 392 τῇ
1589 349 1629 383 δὲ

221 422 323 462 ψυχῇ
352 418 421 452 οὐκ
452 418 554 451 ἔστιν
585 416 803 458 ἐγγενέσθαι
831 418 949 458 γῆθος
975 415 1065 449 οὐδὲ
1091 414 1210 458 χαρὰν
1238 414 1397 457 βέβαιον,
1438 415 1484 447 ἂν
1511 414 1560 456 μὴ
1586 414 1630 448 τό

221 484 385 524 εὔθυμον
413 483 473 516 καὶ
501 483 647 524 ἄφοβον
676 482 736 514 καὶ
763 480 971 524 θαρραλέον
999 480 1123 522 ὥςπερ
1151 479 1263 522 ἕδραν
1284 479 1307 520 ἢ
1326 479 1495 522 γαλήνην
1523 479 1632 512 ἄκλυ-

222 557 314 582 στον
340 547 586 589 ὑποβάληται,
614 546 706 580 ἀλλὰ
734 546 802 579 κᾶν
829 544 1078 587 ὑπομειδιάσῃ
1106 554 1160 584 τις
1187 543 1290 585 ἐλπὶς
1314 543 1337 584 ἢ
1364 543 1506 586 τέρψις,
1535 541 1632 584 αὕτη

220 613 315 655 ταχὺ
351 610 555 654 φροντίδος
592 609 811 653 ἐκραγείσης
848 610 973 652 ὥςπερ
1006 608 1046 643 ἑν
1082 607 1187 652 εὐδίᾳ
1222 607 1403 649 σπιλάδος
1445 607 1633 649 συνεχύθη
1658 616 1675 641 5

221 678 282 710 καὶ
309 674 582 718 συνεταράχθη.

343 756 538 791 LAnnnvs
565 755 674 790 Dioo.
703 763 729 788 x
762 754 827 789 120
869 768 883 783 ο
910 769 922 784 ο
953 753 1206 798 ἁμαρτήματα
1232 753 1344 788 ἄνισα
1371 754 1477 788 εἶναι.

224 820 419 855 Honnlvs
446 827 509 854 sat.
537 828 550 853 1
576 821 609 863 3,
624 820 671 854 96

403 885 500 929 ‘quis
527 886 625 928 paria
652 895 730 916 esse
758 885 831 917 fere
858 884 991 926 placuit
1016 888 1171 926 peccata,
1198 882 1363 914 laborant

425 961 503 983 eum
527 956 671 982 uentum
698 950 741 981 ad
768 958 891 980 uerum
918 953 981 980 est.
1010 956 1136 980 sensus
1163 955 1352 989 moresque
1380 951 1577 988 repugnant

425 1020 530 1057 atque
556 1015 636 1058 ipsa
660 1014 808 1050 utilitas,
835 1011 918 1045 iusti
945 1022 1056 1055 prope
1084 1016 1193 1044 mater
1219 1016 1254 1043 et
1280 1009 1411 1052 aequi'.

338 1099 496 1136 initium
527 1104 591 1135 est
621 1098 762 1135 salutis
795 1096 940 1133 notitia
972 1096 1145 1144 peccati.

225 1167 374 1202 SENECA
409 1168 509 1210 epist.
544 1167 600 1205 28,
620 1167 641 1200 9
674 1166 829 1209 ‘ternpus
864 1170 916 1198 est
943 1165 1119 1203 desinere,
1158 1165 1222 1196 sed
1249 1164 1278 1196 si
1312 1164 1410 1206 prius
1443 1164 1638 1206 portorium

226 1233 381 1265 soluero.
434 1232 621 1264 Initium
648 1257 655 1265 .
678 1258 685 1264 .
707 1256 715 1265 .
742 1230 930 1274 peccati.
959 1230 1100 1270 egregie
1127 1228 1213 1261 mibi
1238 1229 1307 1261 hoc
1341 1229 1472 1260 dixisse
1498 1229 1641 1260 uidetur

224 1296 412 1338 Epicurus.
461 1304 540 1327 nam
568 1294 627 1336 qui
655 1303 803 1336 peccare
832 1303 870 1324 se
897 1292 1023 1334 nescit,
1055 1292 1186 1333 corrigi
1210 1302 1282 1323 non
1311 1291 1407 1324 uolt:
1444 1292 1640 1335 deprehen-

227 1360 290 1391 das
316 1363 351 1391 te
376 1363 528 1401 oportet,
554 1364 742 1400 antequam
769 1357 966 1390 emendes'.

227 1424 269 1457 cf.
297 1424 470 1457 Horatius
500 1424 603 1467 epist.
629 1430 645 1456 1
672 1424 704 1461 1,
723 1423 766 1456 41

409 1487 537 1520 ‘uirtus
564 1493 616 1519 est
641 1487 767 1519 uitium
794 1486 918 1528 sugere
944 1492 978 1518 et
1005 1485 1181 1528 sapientia
1207 1485 1319 1527 prima

429 1551 581 1584 stultitia
607 1549 790 1584 caruisse’.

621 1683 689 1715 DE
717 1681 992 1714 SOCIETATE
1017 1681 1248 1714 HVMANA

349 1762 592 1799 Lacunnvs
633 1764 743 1797 diuin.
782 1763 892 1796 instit.
927 1770 971 1796 111
1008 1762 1063 1801 17,
1083 1762 1129 1795 42
1170 1762 1273 1795 ‘dicit
1310 1762 1487 1805 Epicurus
1520 1787 1642 1796 .....

231 1830 363 1862 nullam
390 1839 469 1862 esse
494 1829 682 1861 humanam
709 1828 929 1861 societatem:
960 1827 1031 1859 sibi
1057 1837 1234 1870 quemque
1261 1826 1479 1860 consulere’.

232 1895 275 1930 cs.
305 1894 430 1928 Cicero
460 1894 560 1937 epist.
587 1894 632 1927 ad
657 1894 819 1926 Atticum
845 1899 895 1926 vu
929 1892 963 1931 2,
982 1892 1004 1925 4
1030 1891 1257 1936 ‘prudentius
1281 1890 1514 1935 (Carneades)
1541 1901 1644 1934 quam

231 1949 514 1991 Lucius‘noster
540 1963 575 1990 et
601 1958 746 1995 Patron,
771 1956 833 2000 qui
859 1966 938 1989 cum
963 1957 1083 1989 omnia
1108 1957 1153 1988 ad
1181 1967 1218 1988 se
1246 1957 1412 1998 reserant,
1447 1966 1646 1999 numquam

232 2023 421 2066 quicquam
455 2020 600 2054 alterius
628 2030 734 2053 causa
770 2019 847 2052 fieri
872 2024 997 2062 putent
1036 2025 1071 2051 et
1104 2028 1182 2051 curn
1220 2029 1260 2052 ea
1295 2029 1331 2051 re
1362 2018 1495 2051 bonum
1531 2019 1645 2051 uirum
1672 2032 1688 2049 o

234 2092 400 2131 oportere
427 2096 504 2118 esse
532 2084 663 2124 dicant,
701 2094 745 2116 ne
772 2083 901 2116 malum
927 2082 1071 2121 habeat,
1106 2094 1178 2115 non
1201 2093 1272 2127 quo
1299 2083 1338 2115 id
1364 2088 1486 2115 natura
1512 2088 1646 2116 rectum

234 2152 292 2191 sit,
319 2162 391 2184 non
416 2151 629 2191 intellegant
655 2160 693 2182 se
721 2149 765 2181 de
790 2148 924 2181 callido
943 2148 1087 2181 homine
1111 2147 1224 2191 loqui,
1251 2157 1322 2180 non
1351 2148 1395 2181 de
1414 2147 1512 2180 bono
1539 2146 1646 2180 uito'.

233 2216 434 2249 AnnlAnvs
460 2215 577 2258 Epict.
605 2214 692 2247 diss.
719 2221 749 2246 11
769 2212 826 2252 20,
844 2212 867 2246 6
895 2212 998 2248 οὕτω
1025 2213 1085 2247 καὶ
1111 2210 1330 2256 Ἐπίκουρος
1358 2212 1452 2246 ὅταν
1478 2211 1647 2255 ἀναιρεῖν

234 2281 323 2324 θέλῃ
349 2279 422 2322 τὴν
447 2278 613 2323 φυσικὴν
640 2276 841 2313 κοινωνίαν
868 2277 1084 2320 ἀνθρώποις
1108 2277 1203 2320 πρὸς
1230 2275 1427 2319 ἀλλήλους,
1459 2277 1566 2320 αὐτῷ
1591 2278 1648 2320 τῷ

235 2345 496 2390 ἀναιρουμένῳ
523 2346 743 2387 συγχρῆται.
783 2341 819 2377 τί
844 2341 917 2384 γὰρ
942 2341 1059 2383 λέγεις
1089 2341 1139 2384 μὴ
1168 2341 1415 2384 ἐξαπατᾶσθε,
1441 2341 1647 2384 ἄνθρωποι,

356 2471 377 2505 7
395 2471 442 2505 τὰ
461 2470 712 2514 ἁμαρτήματα
729 2470 901 2503 Cobetus.
930 2469 1087 2501 debebat
1104 2468 1230 2502 saltem
1247 2468 1295 2502 τά
1312 2477 1356 2502 τε
1374 2467 1650 2511 κατορθώματα

236 2531 297 2565 καὶ
322 2530 369 2565 τὰ
394 2531 573 2573 supplere.
602 2530 666 2562 sed
685 2530 765 2572 quis
785 2528 927 2566 dixerit,
953 2533 1124 2571 quantum
1143 2527 1389 2560 interciderit?
1425 2527 1432 2570 1
1473 2528 1516 2561 10
1543 2527 1652 2569 signi-

237 2590 385 2623 ficantur
410 2590 640 2631 grauissimae
674 2597 821 2621 caussae
853 2587 985 2629 quibus
1018 2586 1225 2630 paradoxon
1252 2586 1455 2618 Stoicorum
1481 2585 1651 2629 Epicurei

237 2649 491 2692 inpugnabant.
531 2647 624 2681 adde
650 2648 777 2680 Horat.
803 2646 828 2679 i.
849 2656 876 2679 S.
903 2645 948 2680 67
962 2655 1040 2689 sqq.
1071 2646 1138 2678 115
1154 2656 1231 2688 sqq.
1278 2645 1286 2688 1
1333 2646 1373 2678 11
1404 2645 1447 2677 cf.
1475 2644 1517 2677 fr.
1535 2643 1606 2677 524
1641 2642 1652 2688 Η

241 2707 283 2740 13
302 2709 513 2750 portarium
531 2706 614 2750 M¹p
634 2703 897 2750 potarium4M²
930 2704 936 2747 1
975 2704 1018 2738 16
1037 2708 1177 2746 oportet
1193 2714 1252 2736 om
1269 2714 1292 2747 p
1328 2701 1334 2747 1
1369 2703 1411 2736 21
1433 2703 1477 2737 cf.
1497 2701 1619 2737 sr.581
1647 2699 1653 2747 Ι

237 2766 284 2799 22
312 2766 354 2799 cs.
382 2765 472 2797 infra
498 2776 533 2808 p.
551 2764 634 2802 827,
652 2764 674 2798 9
720 2764 727 2806 1
773 2763 819 2797 23
847 2763 1025 2795 antecedit
1053 2763 1094 2795 fr.
1114 2762 1186 2796 528
1211 2773 1245 2806 p.
1265 2762 1348 2801 320,
1366 2761 1414 2797 20

1663 959 1695 983 10

1668 1306 1698 1331 15
