1842 3250
656 235 863 270 EPICVRI
889 238 1073 270 ETHICA
1509 238 1577 273 323

159 346 236 380 ἔσθ’
266 346 331 380 ὅτε
358 347 530 389 φυλακὰς
555 347 578 388 ἢ
607 347 733 390 φυγὰς
760 348 781 390 ἢ
811 350 1009 391 θανάτους,
1054 350 1234 391 πολλάκις
1261 351 1301 385 δὲ
1329 351 1403 395 πρὸ
1430 352 1582 386 τούτων

158 412 219 444 καὶ
246 411 444 452 κινδύνους
469 412 567 446 κατὰ
591 411 636 446 τὸ
664 412 856 455 ἐπιτηρεῖν
884 413 955 456 τὴν
982 417 1051 448 τοῦ
1081 414 1219 458 ἀνδρὸς
1252 415 1385 450 ἔξοδον
1412 416 1487 450 ἀπὸ
1514 419 1582 459 τῆς

157 474 277 515 οἰκίας
302 475 363 509 καὶ
388 478 468 509 τῶν
493 475 540 510 τὰ
569 476 715 510 ἐκείνου
743 478 1006 520 φρονούντων,
1043 479 1095 520 ὡς
1122 478 1155 513 εἰ
1181 480 1264 514 καθ’
1291 480 1473 515 ὑπόθεσιν
1502 492 1579 523 μοι--

156 540 320 581 χεύοντα
347 538 429 575 οἷόν
455 540 487 573 τ’
516 541 563 582 ἢν
590 543 718 575 λαθεῖν
751 543 811 576 καὶ
843 543 912 576 τὸν
945 543 1063 586 ἄνδρα
1090 546 1160 585 τῆς
1184 544 1362 585 γυναικὸς
1396 546 1455 579 καὶ
1490 546 1581 587 τοὺς

117 613 133 638 5
157 602 320 645 οἰκείους
354 605 500 646 πάντας
535 605 654 640 αὐτοῦ
694 607 756 641 καὶ
786 608 876 648 τοὺς
909 608 996 650 παρ’
1031 607 1087 649 οἷς
1120 619 1175 649 τις
1210 609 1251 643 ἐκ
1285 611 1355 643 τοῦ
1392 611 1580 652 μοιχεύειν

156 667 290 709 ἀδοξεῖ,
319 669 388 702 κᾶν
417 669 615 712 ἐμοίχευσε
644 670 703 704 διὰ
734 671 805 713 τὴν
830 672 976 714 ἡδονὴν
1003 673 1023 706 ὁ
1049 672 1315 716 Ἐπικούρειος.

157 730 420 774 [Timopnmvs
452 734 496 765 ad
523 734 746 776 Autolycum
776 743 819 767 111
847 737 867 767 6
894 747 928 778 p.
951 737 1037 768 12οὺ
1065 736 1282 779 Ἐπίκουρος
1310 737 1352 771 δὲ
1381 739 1440 772 καὶ
1465 739 1578 780 αὐτὸς

155 798 226 831 σὺν
243 799 300 842 τῷ
319 797 510 840 ἀθεότητα
538 799 729 834 διδάσκειν
757 801 1005 842 συμβουλεύει
1032 802 1093 834 καί
1120 802 1283 844 μητράσι
1311 803 1370 836 καὶ
1398 802 1578 845 ἀδελφαῖς

154 860 442 903 συμμίγνυσθαι,
471 863 530 896 καὶ
556 862 654 906 πέρα
679 865 758 897 τῶν
784 864 913 905 νόμων
941 866 1020 898 τῶν
1050 865 1139 899 τοδε
1167 867 1407 900 κωλυόντων.

99 932 132 956 10
153 925 201 958 id.
228 925 278 958 ib.
307 936 342 968 p.
366 925 448 960 120⁰
473 926 568 968 πρὸς
596 926 632 960 τί
659 927 729 961 οὖν
751 927 966 971 Ἐπίκουρος
993 929 1053 962 καὶ
1081 928 1116 963 οἱ
1144 930 1302 964 Στωικοὶ
1330 929 1577 971 δογματίζου-

153 997 211 1022 σιν
240 988 530 1032 ἀδελφοκοιτίας
558 992 619 1024 καί
647 991 918 1035 ἀρρενοβασίας
952 993 1213 1033 ἐπιτελεῖσθαι,
1253 995 1291 1028 ἐξ
1318 995 1374 1028 ὠν
1401 996 1576 1030 διδασκα-

152 1055 242 1089 λιῶν
275 1055 414 1096 μεστὰς
448 1056 698 1098 βυβλιοθήκας
730 1057 999 1099 πεποιήκασιν;
1040 1058 1091 1099 εἰς
1119 1060 1163 1094 τὸ
1191 1060 1232 1093 ἑκ
1262 1059 1408 1094 παίδων
1435 1061 1575 1102 μανθά-

150 1129 230 1153 νειν
255 1119 326 1161 τὴν
355 1120 521 1161 ἄθεσμον
549 1120 765 1155 κοινωνίαν.

152 1184 197 1218 cf.
225 1184 382 1216 Iustinus
410 1191 541 1229 martyr
569 1186 662 1229 apol.
689 1194 718 1219 11
742 1188 783 1219 12
804 1199 837 1229 p.
854 1188 916 1220 520<-
945 1187 1037 1228 Διὸς
1064 1187 1104 1222 δὲ
1132 1189 1190 1222 καὶ
1218 1191 1297 1222 τῶν
1325 1190 1449 1223 ἄλλων
1476 1191 1575 1224 Θεῶν

98 1255 128 1281 ι5
151 1250 305 1290 μιμηταὶ
336 1249 536 1290 γενόμενοι
565 1250 604 1283 ἐν
630 1253 684 1294 τῷ
713 1250 959 1294 ἀνδροβατεῑν
995 1253 1054 1286 καὶ
1087 1254 1254 1289 γυναιξὶν
1288 1252 1410 1295 ἀδεῶς
1446 1253 1569 1296 μίγνυ-

151 1314 247 1355 σθαι,
286 1313 507 1357 Ἐπικούρου
539 1315 658 1356 νόμον
686 1317 746 1349 καί
773 1316 820 1349 τὰ
853 1318 928 1349 τῶν
966 1319 1137 1358 ποιητῶν
1172 1317 1448 1361 συγγράμματα
1482 1318 1574 1352 ἀπο-

148 1377 281 1420 λογίαν
306 1377 519 1423 φέροντες]

196 1493 263 1525 DE
289 1493 605 1526 SECVRITATE
631 1495 703 1526 EX
739 1495 1019 1527 HOMINIBVS
1048 1497 1306 1528 PARANDA

54 1575 124 1609 536
271 1573 467 1608 LAERTWS
493 1573 606 1610 Droe.
636 1584 663 1609 x
693 1575 759 1609 117
806 1577 941 1618 βλάβας
971 1576 1006 1610 ἐξ
1035 1576 1250 1619 ἀνθρώπων
1278 1577 1300 1617 ἢ
1331 1576 1389 1610 διὰ
1417 1580 1524 1619 μῖσος
1552 1578 1572 1614 ἢ

92 1650 128 1678 20
149 1639 209 1673 διὰ
234 1639 381 1682 φθόνον
408 1640 431 1685 ἢ
459 1639 519 1674 διὰ
546 1641 833 1682 καταφρόνησιν
860 1640 1046 1681 γίνεσθαι·
1075 1640 1130 1675 ὧν
1157 1642 1225 1675 τὸν
1252 1641 1377 1684 σοφὸν
1402 1643 1571 1686 λογισμῷ

149 1703 416 1747 περιγίνεσθαι.

54 1792 124 1826 637
266 1784 356 1827 Οὐκ
388 1785 507 1828 ἔστιν
540 1784 714 1838 ἄφοβον
747 1785 855 1828 εἶναι
887 1786 1084 1839 φοβερὸν
1115 1786 1396 1838 φαινόμενον.

150 1856 436 1892 GNOMOLOGION
467 1859 604 1891 codicis
625 1859 780 1891 Parisini
805 1859 896 1893 1168
916 1860 938 1891 f.
958 1860 1043 1892 115υ
1072 1860 1163 1890 inter
1190 1859 1341 1901 Γνώμας
1369 1859 1573 1903 ἐπικούρου

147 1923 379 1955 nouissimam
408 1923 555 1955 exhibet
621 1921 810 1956 MAxmvs
837 1923 949 1955 abbas
979 1923 1137 1963 gnomol.
1165 1923 1211 1955 24
1238 1934 1273 1966 p.
1300 1921 1362 1956 189
1389 1924 1472 1956 Tur.
1499 1928 1523 1956 t.
1544 1931 1574 1956 ΙΙ

33 2021 35 2023 ,
91 1997 124 2023 2⁵
148 1997 183 2031 p.
201 1986 272 2020 606
290 1987 452 2020 Combes.
480 1987 704 2031 Ἐπικούρου
770 1989 963 2021 ABSENH'S
990 1988 1026 2019 in
1045 1988 1289 2029 Paroemiogr.
1309 1987 1472 2028 Gotting.
1500 1993 1523 2020 t.
1544 1995 1573 2020 11

148 2062 181 2095 p.
201 2050 282 2090 584,
305 2052 348 2085 13
374 2049 527 2093 (subscr.
557 2051 808 2095 Ἐπικούρου).

269 2172 386 2205 7——17
417 2171 548 2204 inclusi
573 2176 613 2204 ut
640 2172 740 2204 falsa.
780 2171 898 2213 posita
924 2171 1010 2202 talia
1038 2176 1136 2203 erant
1164 2171 1200 2202 in
1227 2170 1381 2203 Zenonis
1402 2170 1572 2203 Citiensis

146 2238 186 2261 re
213 2229 360 2273 publica
386 2230 545 2272 itemque
563 2230 743 2271 Diogenis
763 2229 899 2272 Cynici,
928 2229 1107 2263 occultata
1134 2234 1170 2261 et
1196 2234 1363 2262 excusata
1389 2240 1409 2261 a
1426 2229 1571 2269 Stoicis,

147 2294 286 2331 arrepta
304 2293 338 2321 et
355 2289 464 2322 inrisa
483 2290 528 2321 ab
549 2289 778 2326 aduersariis,
801 2288 906 2320 etiam
923 2288 1124 2330 Epicureis,
1144 2288 1189 2320 cf.
1206 2287 1443 2320 Philodemus
1461 2286 1571 2331 π[Ερί’1

146 2348 225 2380 τῶν
243 2347 470 2390 φιλοσόφων
488 2346 596 2391 (VHl
615 2346 705 2389 vm)
725 2357 754 2379 c.
772 2345 794 2380 8
811 2357 888 2389 sqq.
914 2346 1093 2389 Epicurus
1121 2356 1238 2389 neque
1262 2356 1428 2389 umquam
1454 2356 1500 2377 ne
1526 2345 1570 2378 ab

148 2406 388 2438 acerbissimis
415 2406 560 2450 quidem
589 2405 891 2438 obtrectatoribus
918 2404 987 2437 hoc
1021 2404 1166 2436 crimine
1192 2404 1324 2447 petitus
1352 2410 1407 2436 est
1434 2410 1469 2436 ct
1493 2404 1573 2447 ipse

146 2464 325 2496 contraria
348 2464 583 2508 profitebatur
610 2465 653 2497 cf.
673 2465 714 2496 sr.
735 2463 815 2497 583.
853 2463 1028 2496 eeclesiae
1057 2464 1198 2495 demum
1225 2467 1344 2505 patres
1373 2462 1570 2505 uoluptatis

147 2527 336 2564 patronum
363 2523 496 2556 Stoicis
524 2523 787 2566 admiscuerunt
826 2521 832 2566 Ι
875 2521 917 2555 16
945 2520 1078 2565 νόμον]
1107 2522 1176 2563 μὲν
1202 2521 1281 2554 libri
1326 2521 1342 2566 [Ι
1383 2519 1432 2554 20
1455 2520 1500 2555 cf.
1529 2521 1569 2555 fr,

145 2579 218 2613 585
231 2590 284 2623 sq.
326 2580 342 2624 ΙΙ
383 2580 432 2614 22
459 2581 504 2614 cf.
532 2579 718 2625 [Aristeu]
746 2580 900 2612 Antonii
927 2581 1014 2613 Mel.
1042 2587 1069 2612 Π
1096 2581 1112 2613 1
1142 2591 1176 2623 p.
1193 2578 1239 2612 78
1265 2579 1411 2612 Maximi
1439 2579 1522 2612 abb.
1548 2579 1571 2612 9

148 2648 181 2680 p.
199 2639 267 2673 174
293 2639 344 2682 (p.
360 2639 432 2675 608
459 2640 499 2673 fr.
518 2640 541 2673 4
564 2640 609 2672 V.
629 2638 761 2679 Rosei)
788 2638 828 2672 ‘O
855 2640 1008 2679 πολλοῖς
1034 2638 1198 2681 φοβερὸς
1225 2638 1280 2672 ὢν
1307 2638 1473 2678 πολλοὺς
1499 2648 1570 2679 φο·

148 2698 265 2740 βεῖται
287 2703 323 2730 et
350 2698 511 2739 gnomol.
530 2699 676 2740 Byzant.
705 2697 974 2730 &Vachsmuthii
1001 2698 1149 2729 studien
1171 2709 1202 2730 ε.
1228 2698 1262 2730 d.
1284 2697 1429 2740 grieclz.
1446 2697 1568 2739 storil.

146 2767 180 2799 p.
206 2756 272 2788 179
298 2767 331 2787 n.
350 2757 396 2789 77
422 2755 466 2790 ὃν
492 2756 565 2799 γὰρ
593 2756 733 2796 πάντες
760 2758 982 2798 φοβοῦνται,
1013 2755 1157 2796 πάντας
1185 2757 1360 2797 φοβεῖται

1306 2818 1324 2839 ”
1488 2825 1552 2854 21¹2
