1842 3250
173 916 205 940 10

129 1245 202 1278 430

129 2171 196 2205 431

169 2245 202 2272 ³0

730 213 933 245 EPICVRI
961 213 1145 246 ETHICA
1575 213 1646 248 285

231 336 309 360 των
344 326 492 369 πέφυκε
527 325 668 370 χαίρειν
706 327 767 360 καὶ
802 325 1014 369 γαληνίζειν
1049 326 1148 367 πλὴν
1184 326 1244 359 ἐπὶ
1281 326 1457 367 σώματος
1489 327 1645 369 ἡδοναῖς

229 390 440 433 παρούσαις
477 391 497 432 ἢ
535 391 888 435 προσδοκωμέναις,
930 392 988 424 καὶ
1023 394 1140 424 τοῦτο
1175 390 1292 431 αὐτῆς
1324 389 1492 431 τάγαθόν
1529 391 1644 433 ἐστιν,

230 455 287 498 ἆρ’
307 455 352 490 οὐ
380 454 535 490 δοκοῦσί
563 465 621 490 σοι
650 455 842 499 διεράματι
869 459 937 490 τοῦ
966 457 1141 496 σώματος
1159 457 1320 498 χρῆσθαι
1346 459 1391 498 τῇ
1414 459 1516 500 ψυχῇ
1538 456 1642 500 (mv)

229 520 325 554 καθά
353 530 423 563 περ
456 521 560 554 οἶνον
588 520 628 554 ἐκ
656 523 828 564 πονηροῦ
861 522 921 554 καί
955 521 1004 562 μὴ
1037 521 1241 561 στέγοντος
1271 519 1425 561 ἀγγείου
1457 521 1528 563 τὴν
1555 522 1643 563 ἡδο-

228 585 298 627 νὴν
335 585 550 626 διαχέοντες
585 586 748 620 ἐνταῦθα
782 587 843 620 καὶ
878 588 1127 626 παλαιοῦντες
1163 585 1306 619 οἴεσθαι
1344 585 1573 627 σεμνότερόν
1608 596 1643 619 τι

228 652 350 683 ποιεῖν
376 650 436 683 καί
462 650 703 692 τιμιώτερον;

229 713 273 748 cf.
301 713 395 744 idem
422 713 510 746 ibid.
541 714 583 747 14
610 725 644 756 p.
671 714 775 747 10960
808 712 1096 754 κατατείναντες
1124 714 1163 747 δὲ
1191 714 1235 747 τὸ
1261 714 1494 758 θεωρητικὸν
1521 714 1572 755 εἰς
1598 715 1643 748 τὸ

228 778 337 817 σῶμα
369 777 429 810 καὶ
463 777 777 819 κατασπάσαντες
810 778 933 819 ὥςπερ
968 777 1160 819 μολυβδίσι
1193 780 1273 818 ταῖς
1300 780 1367 819 τῆς
1394 779 1532 820 σαρκὸς
1566 780 1643 813 ἑπι-

228 839 375 882 θυμίαις
400 841 513 875 οὐδὲν
541 840 813 876 ἀπολείπουσιν
842 840 1065 882 ἱπποκόμων
1093 842 1114 882 ἢ
1142 842 1334 882 ποιμένων
1360 843 1500 885 χόρτον
1526 844 1549 884 ἢ
1578 855 1641 878 κα-

226 905 349 948 λάμην
375 905 398 948 ἦ
423 915 509 939 τινα
538 906 639 940 πόαν
666 906 973 949 προβαλλόντων,
1008 907 1058 946 ὡς
1085 909 1205 939 ταῦτα
1233 906 1434 947 βόσκεσθαι
1462 908 1521 940 καὶ
1547 907 1643 951 τρώ-

226 979 306 1011 γειν
332 971 528 1013 προσῆκον
558 970 686 1003 αὐτῶν
717 973 795 1011 τοῖς
828 971 1044 1013 θρέμμασιν.
1098 971 1120 1012 ἦ
1148 970 1220 1013 γὰρ
1247 971 1316 1012 οὐχ
1344 972 1466 1012 οὕτως
1500 972 1643 1006 ἀξιοῦσι

227 1035 298 1077 τὴν
315 1035 441 1078 ψυχὴν
467 1038 548 1076 ταῖς
574 1038 642 1068 τοῦ
670 1036 846 1077 σώματος
873 1036 1027 1077 ἡδοναῖς
1052 1037 1347 1078 κατασυβωτεῖν,
1375 1036 1467 1070 ὅσον
1495 1036 1642 1071 ἐλπίσαι

225 1109 261 1134 τι
287 1100 371 1143 περὶ
397 1099 536 1142 σαρκὸς
562 1099 584 1141 ἢ
612 1101 745 1133 παθεῖν
773 1100 795 1141 ἢ
824 1103 1082 1142 μνημονεῦσαι
1109 1099 1328 1143 χαίρουσαν,
1355 1099 1494 1135 οἰκεῖον
1514 1101 1554 1135 δὲ
1573 1112 1640 1144 μη-

226 1163 291 1199 δὲν
317 1164 388 1208 ἡδὺ
415 1165 509 1207 μηδὲ
536 1164 699 1207 τερπνὸν
727 1165 764 1199 ἑξ
791 1164 908 1206 αὐτῆς
934 1165 1136 1207 λαμβάνειν
1163 1166 1256 1208 μηδὲ
1283 1167 1408 1208 Ζητεῑν
1437 1166 1591 1207 ἐῶντες

346 1244 489 1279 CICERO
516 1247 561 1278 de
588 1246 718 1278 finibus
745 1254 770 1279 11
791 1246 847 1285 30,
866 1247 912 1280 98
939 1247 1011 1279 ‘est
1038 1252 1153 1280 autern
1180 1259 1199 1280 a
1225 1253 1260 1280 te
1287 1247 1473 1292 (Epicure)
1501 1259 1641 1293 semper

226 1310 359 1343 dictum
385 1321 450 1343 nec
475 1312 630 1353 gaudere
657 1321 869 1354 quemquam
897 1312 964 1343 nisi
991 1317 1136 1355 propter
1163 1322 1291 1355 corpus
1318 1323 1383 1344 nec
1411 1313 1534 1344 dolere
1560 1337 1568 1345 .
1585 1338 1593 1346 .
1611 1339 1619 1346 .

226 1385 334 1416 negas
361 1375 468 1407 animi
493 1375 606 1407 ullum
633 1385 712 1408 esse
740 1376 908 1417 gaudium
937 1377 1032 1418 quod
1061 1387 1133 1408 non
1160 1377 1330 1409 referatur
1357 1378 1400 1408 ad
1428 1377 1584 1420 corpus'.

226 1440 270 1474 cs.
297 1440 354 1478 33,
377 1440 443 1474 107
470 1440 608 1473 ‘dicitis
637 1441 752 1473 omnis
781 1441 886 1473 animi
912 1447 945 1473 et
971 1441 1177 1484 uoluptates
1208 1447 1242 1474 et
1269 1441 1415 1473 dolores
1445 1441 1488 1474 ad
1515 1452 1639 1485 corpo-

226 1505 274 1537 ris
303 1505 507 1549 uoluptates
534 1516 574 1538 ac
600 1505 745 1538 dolores
772 1505 976 1550 pertinere‘.

226 1569 284 1609 32,
305 1570 372 1603 106
398 1569 544 1602 ‘salsum
564 1575 618 1602 est
636 1570 750 1603 omnis
771 1571 876 1602 animi
897 1570 1100 1613 uoluptates
1120 1581 1198 1603 esse
1218 1581 1236 1602 e
1255 1571 1415 1614 corporis
1440 1570 1639 1606 societate'.

225 1634 426 1670 Amumvs
452 1635 568 1678 Epict.
596 1635 735 1668 dissert.
762 1643 808 1668 111
831 1636 863 1674 7,
884 1635 903 1667 7
920 1646 972 1678 sq.
999 1635 1059 1669 ἐπὶ
1086 1634 1158 1669 τίνι
1184 1635 1254 1669 οὖν
1280 1636 1525 1678 ἡσθησόμεθα
1550 1637 1639 1671 ταύ-

224 1709 296 1743 την
321 1699 393 1741 τὴν
418 1700 582 1742 ψυχικὴν
609 1699 770 1742 ἡδονήν;
811 1699 843 1734 εἰ
870 1699 942 1743 γὰρ
968 1700 1029 1734 ἐπὶ
1055 1702 1134 1741 τοῖς
1158 1703 1342 1742 ψυχικοῖς,
1374 1699 1437 1743 <ἑν
1463 1704 1543 1742 τοῖς
1568 1712 1638 1744 ψυ-

225 1762 362 1806 χικοῖς)
390 1764 545 1807 εὕρηται
571 1765 595 1807 ἡ
621 1763 731 1799 οὐσία
748 1766 818 1798 τοῦ
837 1764 994 1805 ἀγαθοῦ.
1023 1764 1068 1798 οὐ
1087 1763 1159 1808 γὰρ
1178 1764 1334 1798 δύναται
1354 1792 1361 1798 .
1380 1792 1386 1798 .
1406 1792 1413 1799 .
1432 1792 1440 1799 .
1458 1768 1529 1800 τοῦ
1547 1775 1638 1809 προ-

225 1828 440 1872 ηγουμένου
464 1829 514 1872 μὴ
541 1829 653 1872 ὄντος
678 1828 824 1870 ἀγαθοῦ
849 1828 893 1862 τὸ
920 1828 1150 1871 ἐπιγέννημα
1178 1828 1322 1870 ἀγαθὸν
1349 1830 1453 1863 εἶναι.
1558 1829 1638 1865 ἀλλ’

225 1893 270 1928 οὐ
300 1893 350 1936 μὴ
378 1892 508 1936 εἴπητε
540 1893 684 1937 φρένας
714 1893 885 1936 ἔχοντες·
929 1893 1169 1927 ἀνακόλουθα
1201 1893 1273 1937 γὰρ
1307 1893 1425 1936 ἐρεῖτε
1457 1895 1519 1928 καὶ
1545 1895 1638 1930 Ἐπι-

224 1957 351 2001 κούρῳ
384 1958 444 1992 καὶ
474 1961 554 2000 τοῖς
586 1958 711 2000 ἄλλοις
745 1958 850 1999 ὑμῶν
889 1957 1083 2000 δόγμασιν.
1136 1957 1379 1993 ὑπολείπεται
1410 1960 1545 1994 λοιπὸν
1578 1960 1640 1995 ἐπὶ

223 2025 302 2064 τοῖς
324 2025 551 2064 σωματικοῖς
575 2022 733 2065 ἥδεσθαι
759 2005 829 2064 τὴν
857 2022 952 2056 κατὰ
977 2023 1103 2065 ψυχὴν
1130 2023 1273 2065 ἡδονὴν
1298 2023 1422 2066 πάλιν,
1448 2024 1496 2058 ἵν’
1514 2024 1638 2060 ἐκεῖνα

223 2086 380 2131 γένηται
404 2087 673 2131 προηγούμενα
701 2088 760 2122 καὶ
786 2086 898 2122 οὐσία
923 2090 992 2122 τοῦ
1023 2087 1179 2128 ἀγαθοῦ.

346 2166 601 2202 PLVTARCBVS
632 2173 756 2201 contra
782 2168 928 2212 Epicuri
955 2169 1211 2202 beatitudinem
1238 2170 1259 2204 5
1283 2181 1317 2213 p.
1340 2169 1451 2204 1089ει
1494 2171 1565 2215 δρα
1591 2172 1637 2215 δὴ

225 2235 380 2277 πρῶτον
406 2232 474 2276 μὲν
498 2232 560 2268 οἷα
585 2235 760 2268 ποιοῦσιν
786 2233 857 2275 τὴν
884 2232 917 2267 εἴ
941 2243 982 2268 τε
1010 2233 1153 2276 ἡδονὴν
1180 2234 1324 2278 ταύτην
1351 2234 1384 2270 εἴ
1407 2245 1450 2271 τε
1477 2234 1638 2271 ἀπονίαν

226 2297 249 2340 ἢ
277 2297 501 2333 εὐστάθειαν
528 2298 608 2332 ἄνω
635 2299 696 2332 καὶ
721 2297 826 2332 κάτω
852 2297 1093 2341 μεταίροντες
1120 2298 1160 2334 ἐκ
1184 2302 1254 2334 τοῦ
1283 2300 1460 2342 σώματος
1490 2300 1541 2343 εἰς
1565 2301 1636 2345 τὴν

225 2361 364 2405 ψυχήν,
407 2363 488 2397 εἶτα
521 2362 634 2397 πάλιν
669 2362 710 2396 ἐκ
742 2362 884 2405 ταύτης
918 2361 970 2404 εἰς
1002 2363 1134 2405 ἑκεῑνο,
1178 2366 1233 2408 τῷ
1265 2364 1314 2407 μὴ
1344 2364 1491 2407 στέγειν
1522 2364 1638 2410 ἀπορ-

224 2425 390 2470 ρέουσαν
424 2427 484 2461 καὶ
515 2426 881 2472 περιολισθάνουσαν
908 2426 1208 2469 ἀναγκαζόμενοι
1233 2430 1280 2472 τῇ
1308 2428 1404 2473 ἀρχῇ
1432 2429 1637 2466 συνάπτειν

345 2565 366 2598 3
393 2565 453 2600 καί
480 2566 662 2610 suppleuit
677 2565 978 2609 wyttenbachius
1024 2568 1030 2608 ί
1077 2566 1098 2600 5
1124 2566 1168 2600 cs.
1187 2567 1322 2601 Athen.
1343 2574 1354 2599 1
1374 2578 1409 2611 p.
1424 2567 1489 2602 27·
1514 2568 1537 2602 ὁ
1555 2565 1637 2603 Καί-

224 2623 362 2665 κουβος
387 2623 524 2667 (οἶνος)
549 2624 754 2668 πληκτικός
781 2625 949 2666 εὔτονος,
985 2626 1212 2659 παλαιοῦται
1241 2625 1282 2658 δὲ
1312 2625 1405 2667 μετὰ
1432 2625 1542 2660 ἱκανὰ
1569 2626 1636 2670 ἔτη

223 2680 290 2716 27b
314 2684 542 2726 παλαιωθεὶς
569 2678 609 2719 δὲ
636 2684 674 2727 (ὁ
698 2683 882 2726 Σιγνῖνος)
909 2684 1007 2719 πολὺ
1034 2684 1317 2728 χρησιμώτερος
1367 2683 1383 2727 ss
1432 2684 1577 2719 29-32
1603 2696 1637 2720 ιι.

224 2749 330 2784 supra
357 2751 391 2785 p.
413 2742 493 2781 122,
512 2743 532 2776 3
579 2742 586 2788 Ι
632 2742 674 2776 31
703 2742 748 2776 cf.
774 2742 814 2777 fr.
833 2741 903 2775 417
949 2742 956 2784 Ι
1003 2741 1048 2777 32
1075 2739 1240 2786 στέγειν]
1264 2753 1298 2777 ιι.
1326 2753 1431 2787 supra
1456 2753 1490 2777 ιι.
1510 2743 1532 2777 4
