1846 3288
42 502 109 535 14ss

543 233 861 266 SENTENTIAE
887 233 1142 265 SELECTAE
1508 232 1552 265 77

134 350 471 402 διεψευσμένον·
522 348 626 389 ὥστ’
660 347 888 401 ἀνῃρηκὼς
926 347 1005 402 ἕσῃ
1043 350 1190 389 πᾶσαν
1229 346 1553 398 ἀμφισβήτησιν

135 424 204 465 καὶ
233 425 381 464 πᾶσαν
412 422 551 472 κρίσιν
583 423 660 461 τοῦ
693 420 836 471 ὀρθῶς
867 420 892 471 ἢ
925 421 979 471 μὴ
1013 420 1166 471 ὀρθῶς.

163 505 263 537 XXV
312 494 359 535 Εἰ
385 495 438 545 μὴ
460 493 578 544 παρὰ
610 492 751 533 πάντα
782 493 933 543 καιρὸν
965 492 1213 543 ἐπανοίσεις
1246 492 1433 534 ἕκαστον
1465 494 1552 533 τῶν

133 568 446 620 πραττομένων
485 566 552 607 ἐπὶ
591 567 641 606 τὸ
680 566 806 615 τέλος
843 568 920 615 τῆς
955 565 1148 616 φύσεως,
1196 564 1306 606 ἀλλὰ
1337 578 1551 616 προκατα-

93 653 109 678 5
133 641 340 693 στρέψεις
372 639 410 681 εἴ
436 645 490 680 τε
511 639 656 690 φυγὴν
688 637 726 679 εἴ
750 652 795 679 τε
829 638 971 679 δίωξιν
1003 638 1266 688 ποιούμενος
1288 637 1348 688 εἰς
1371 637 1480 679 ἄλλό
1502 651 1551 687 τι,

78 1020 107 1043 10

77 1383 107 1408 15

38 1597 105 1632 149

133 713 213 755 οὐκ
244 712 421 754 ἔσονταί
450 722 523 754 σοι
554 714 645 762 τοῖς
678 711 825 761 λόγοις
858 710 899 751 αἱ
931 710 1105 762 πράξεις
1137 710 1383 752 ἀκόλουθοι.

161 796 282 828 XXVI
332 786 429 827 Τῶν
467 786 701 836 ἐπιθυμιῶν
733 783 835 827 ὅσαι
868 784 921 834 μὴ
955 785 1019 825 ἐπ’
1053 784 1216 832 ἀλγοῦν
1258 783 1553 833 ἐπανάγουσιν

133 859 210 900 ἐὰν
241 859 294 910 μὴ
327 860 720 910 συμπληρωθῶσιν,
767 857 845 898 οὐκ
878 857 986 898 εἰσιν
1018 857 1245 905 ἀναγκαῖαι
1285 856 1378 898 ἀλλ
1412 856 1552 899 εὐδιά-

132 945 264 983 χυτον
291 932 369 982 τὴν
402 931 542 983 ὄρεξιν
570 931 758 982 ἔχουσιν
791 929 898 972 ὅταν
920 930 1217 981 δυσπόριστον
1240 930 1264 984 ῇ
1286 927 1368 983 (ἢ)
1391 929 1552 1000 βλάβης

132 1004 444 1056 ἀπεργαστικαι
475 1005 664 1046 δόξωσιν
696 1003 814 1045 εἶναι.

159 1087 260 1120 XXV
263 1088 300 1119 11
349 1075 430 1118 Ων
468 1077 493 1128 ἡ
533 1077 672 1129 σοφία
714 1076 1091 1128 παρασκευάζεται
1133 1074 1194 1126 εἰς
1226 1076 1303 1125 τὴν
1335 1089 1412 1117 του
1444 1074 1551 1117 ὅλου

133 1150 226 1202 βίου
279 1150 582 1201 μακαριότητα,
633 1150 745 1191 πολὺ
798 1149 1001 1198 μέγιστόν
1049 1149 1168 1190 ἐστιν
1211 1148 1236 1198 ἡ
1284 1150 1360 1199 τῆς
1405 1148 1552 1200 φιλίας

131 1225 291 1273 κτῆσις.

160 1305 318 1338 XXVIII
365 1295 410 1337 Ἡ
435 1296 542 1346 αὐτὴ
565 1296 712 1347 γνώμη
740 1298 914 1347 θαρρεῖν
937 1310 980 1337 τε
1005 1296 1212 1346 ἐποίησεν
1238 1295 1346 1345 ὑπὲρ
1377 1296 1455 1335 τοῦ
1479 1307 1552 1345 μη-

133 1369 207 1409 θὲν
249 1368 426 1410 αἰώνιον
467 1382 575 1410 ειναι
614 1369 759 1411 δεινὸν
799 1370 904 1420 μηδὲ
946 1369 1249 1419 πολυχρόνιον,
1296 1368 1364 1408 καὶ
1396 1368 1473 1417 τὴν
1505 1367 1552 1408 ἐν

132 1440 280 1492 αὐτοῖς
301 1443 392 1492 τοῖς
414 1441 673 1493 ωρισμένοις
701 1441 949 1493 ἀσφάλειαν
979 1441 1141 1493 φιλίαις
1171 1441 1356 1520 μάλιστα
1385 1441 1552 1481 κατεῖδε

131 1515 498 1566 συντελουμένην.
1038 1524 1040 1528 ’

159 1597 281 1629 XXIX
321 1587 419 1629 Τῶν
451 1587 685 1639 ἐπιθυμιῶν
708 1587 751 1628 αἱ
773 1588 850 1638 μέν
883 1586 964 1628 εἰσι
987 1586 1168 1638 φυσικαι
1189 1583 1285 1640 <καὶ
1307 1584 1552 1633 ἀναγκαῖαι·

255 1879 272 1911 1
301 1878 392 1913 ὥστ’
420 1877 635 1923 ἀνῃρηκὼς]
660 1878 711 1919 ὡς
738 1877 957 1921 τετηρηκὼς
984 1877 1066 1909 libri
1091 1877 1095 1919 1
1119 1877 1186 1920 ἔσῃ
1212 1875 1351 1919 πᾶσαν]
1380 1874 1432 1917 εἰς
1457 1875 1551 1909 ἁπᾶ-

131 1945 203 1971 σαν
231 1936 396 1982 ἱ1>ἔσ1η1
426 1939 454 1968 B
489 1937 504 1979 11
537 1939 559 1970 2
586 1935 722 1981 κρίσιν]
751 1937 859 1979 ῥῆσιν
886 1937 903 1968 f
932 1935 948 1979 11
983 1937 1003 1969 3
1031 1935 1079 1979 εἰ]
1109 1937 1129 1977 ἢ
1159 1937 1223 1978 H}
1246 1934 1476 1978 παραπάντα
1495 1935 1524 1965 Β
1551 1932 1555 1977 Ι

130 1996 215 2039 περὶ
242 1996 278 2027 Η
301 1996 306 2038 1
328 1994 486 2040 πάν[τα]
515 1996 562 2027 Ρ2
597 1995 612 2039 11
646 1997 666 2029 5
694 1996 762 2037 ἤτε
788 1995 914 2029 δίωξιν
941 1996 969 2026 Β
1005 1994 1020 2036 11
1056 1995 1075 2027 7
1104 1995 1316 2026 sententiam
1344 2001 1439 2026 xxm
1465 1993 1553 2025 Gas-

132 2055 264 2086 sendus
289 2060 372 2097 post
398 2065 424 2088 s.
451 2062 543 2093 xxx,
572 2055 792 2087 Meibomius
819 2065 901 2097 pos.
929 2065 955 2087 s,
983 2060 1078 2086 xxxx
1104 2053 1356 2085 conlocauerat
1394 2053 1400 2095 1
1440 2052 1552 2086 ἐπαλ-

130 2116 225 2154 γοῡν
251 2114 313 2145 ΒΡ
352 2113 368 2157 11
409 2114 431 2146 8
458 2113 663 2155 ἀδιάχυτυν
692 2114 761 2154 HQ
789 2113 1059 2155 ἑνδιαδόχητον
1087 2113 1103 2144 f
1133 2112 1147 2154 11
1183 2112 1204 2145 9
1229 2112 1474 2154 δυσπόριστοι
1493 2111 1550 2150 Ff,

132 2182 167 2206 οι
186 2173 470 2205 terminationem
489 2183 564 2205 sscr
584 2171 631 2204 p2
651 2174 657 2212 1
681 2172 703 2215 ᾖ
724 2170 763 2215 ἢ]
783 2172 806 2213 ἦ
825 2172 854 2203 Β
880 2172 903 2213 ἢ
924 2171 1032 2204 ceteri
1065 2171 1081 2213 11
1119 2172 1162 2203 10
1186 2170 1418 2213 ἀπέργαστοι
1437 2169 1550 2205 δόξω-

134 2240 193 2266 σιν
220 2232 237 2263 s
273 2230 289 2274 11
344 2232 383 2264 11
414 2239 502 2265 sent.
530 2237 643 2263 xxva
660 2237 705 2263 -et
731 2235 941 2274 sequentem
969 2235 1050 2262 ante
1078 2241 1103 2263 5.
1132 2237 1227 2262 XXXI
1254 2229 1462 2261 Gassendus
1481 2226 1550 2272 ’ρο-

131 2291 202 2322 suit
223 2288 228 2332 1
250 2289 323 2334 ὧν]
351 2293 509 2324 omnium
535 2301 660 2322 rerum
687 2301 782 2333 quas
810 2289 956 2322 Cicero:
987 2300 1029 2321 au
1058 2289 1161 2323 ὅσων
1187 2288 1352 2330 legebat?
1386 2287 1402 2332 11
1438 2288 1482 2321 14
1506 2298 1550 2322 τε

132 2349 302 2382 omissum
329 2360 404 2382 sscr
431 2349 484 2383 Ηι
511 2349 547 2384 τί
574 2350 603 2381 F
625 2349 631 2394 1
662 2348 819 2391 ἐποίησε
846 2350 907 2381 ΒΡ
947 2347 964 2392 11
1009 2349 1050 2382 15
1077 2349 1137 2382 καί
1164 2348 1235 2390 τὴν
1262 2374 1269 2381 .
1286 2374 1293 2381 .
1310 2374 1317 2380 .
1348 2348 1391 2380 17
1418 2354 1549 2381 συντε-

130 2407 319 2451 λουμένην
354 2409 553 2442 sententiae
586 2417 698 2442 XXVII
731 2409 950 2440 Meibomius
987 2407 1171 2439 subiunxit
1207 2411 1330 2439 contra
1365 2406 1550 2438 Ciceronis

128 2468 376 2500 testimonium
417 2467 433 2511 11
481 2468 524 2501 16
549 2467 675 2511 φιλίας
700 2468 784 2500 libri
808 2468 814 2510 1
837 2467 984 2501 κατεῖδε
1011 2466 1219 2507 Maduigius
1247 2466 1292 2498 ad
1318 2466 1391 2499 Cic.
1419 2466 1465 2497 'de
1490 2464 1549 2498 fin.

129 2533 144 2558 1
161 2525 219 2564 20,
235 2525 300 2561 68:
314 2528 511 2569 perspexit
521 2525 648 2558 Cicero
667 2530 835 2560 κατεῖναι
853 2526 949 2564 libri,
970 2525 1034 2558 sed
1048 2523 1246 2569 κα1τεῑναι]
1259 2525 1289 2556 Β
1322 2524 1338 2567 11
1373 2524 1417 2557 17
1429 2521 1550 2568 [συν]-

130 2585 364 2628 τελουμένην
381 2585 411 2617 Β
450 2585 467 2629 11
511 2585 554 2618 18
579 2586 760 2628 ‹pum-»cai
779 2586 809 2616 F
832 2585 836 2626 1
858 2585 920 2618 καὶ
939 2611 947 2618 .
962 2611 970 2618 .
988 2611 996 2617 .
1015 2595 1050 2627 ρ.
1069 2584 1125 2622 78,
1144 2585 1160 2616 1
1187 2582 1343 2626 φυσικαὶ
1370 2593 1429 2614 om
1452 2582 1549 2620 libri,

131 2643 314 2687 suppleuit
332 2644 570 2687 HStephanus
589 2645 626 2676 in
644 2644 808 2677 Ciceron.
827 2644 945 2676 lexico
965 2643 1155 2684 graecolat.
1181 2653 1215 2686 p.
1230 2643 1276 2675 53
1302 2652 1345 2674 ex
1363 2642 1548 2674 Cicerone.

131 2702 379 2745 interpolatam
407 2704 467 2735 dat
493 2704 525 2736 G
550 2703 742 2736 lectionem
774 2702 861 2738 Τῶν
891 2703 1099 2744 ἐπιθυμιῶν
1126 2701 1163 2736 αἱ
1188 2701 1257 2744 μέν
1290 2700 1360 2736 εἰσι
1392 2701 1550 2743 φυσικαὶ

132 2761 193 2795 καὶ
218 2761 288 2796 οὐκ
311 2761 527 2804 ἀναγκαῖαι·
555 2762 594 2797 αἵ
618 2773 660 2797 τε
686 2761 819 2808 (uoluit
844 2761 882 2796 αἱ
908 2762 963 2806 δὲ)
985 2762 1142 2804 φυσικαὶ
1167 2762 1228 2795 καὶ
1253 2760 1453 2802 ἀναγκαῖαι
