1846 3288
235 254 302 286 DE
327 252 695 286 EPICVREORVM
722 254 784 286 ET
811 254 866 286 ST
869 252 1102 286 OICORVM
1128 252 1310 284 PVGNIS
1381 253 1552 285 LXXIII

142 368 369 419 Chrysippo
400 368 619 418 Antipatro
651 367 838 416 Diogene
879 368 1114 405 luctandum
1156 365 1291 406 esset?
1349 368 1552 406 Obmutu-

141 442 258 474 erunt
294 435 494 473 clamores
532 434 797 483 litigantium;
844 435 975 472 solum
1013 435 1292 473 conuiciorum
1328 436 1551 485 specimina

140 504 345 553 quaedam
376 514 467 539 cum
499 501 699 540 Cicerone
731 500 977 540 Cleomedes
1008 503 1182 540 maxime
1213 503 1403 541 seruauit.
1454 503 1551 540 olim

140 571 268 608 multa
300 569 512 619 Chrysippi
553 569 761 606 uolumina
807 569 846 606 in
885 570 1166 620 oppugnando
1197 570 1376 619 Epicuro
1414 582 1551 608 uersa·

139 638 306 677 bantur:
347 637 556 675 mutilatus
595 637 683 673 eius
725 637 914 674 librorum
946 637 1066 675 index
1099 638 1211 688 apud
1241 637 1452 675 Laertiurn
1482 645 1551 677 VII

142 706 222 743 202
253 704 397 741 saltem
428 704 532 741 haec
561 703 740 741 seruauit
764 700 871 752 Περὶ
892 703 970 742 τοῦ
990 703 1125 743 καλοῦ
1156 702 1224 743 καὶ
1254 705 1331 753 τῆς
1360 701 1551 753 ἡδονῆς1

139 769 250 820 πρὸς
281 761 646 820 Ἀριστοκρέοντα
677 768 704 810 ἶ.
735 766 998 820 Ἀποδείξεις
1030 769 1141 820 πρὸς
1172 769 1222 811 τὸ
1255 769 1309 820 μὴ
1342 768 1552 820 εἶναιτὴν

139 835 302 886 ἡδονὴν
319 836 458 898 Ῑέλος
484 825 525 878 δ.
563 828 828 887 Ἀποδείξεις
849 837 960 887 πρὸς
987 836 1036 878 τὸ
1069 836 1122 887 μὴ
1157 835 1263 878 εἶναι
1292 837 1370 887 τὴν
1390 837 1553 888 ἡδονὴν

138 901 306 952 ἀγαθόν
324 906 368 945 b:
393 905 516 942 ceteri
536 906 639 942 tituli
658 917 750 943 cum
774 905 852 942 fine
875 905 961 942 libri
984 906 1234 943 interierunt.
1267 907 1549 957 copiosissima

143 972 230 1010 sine
252 972 380 1010 dubio
405 984 690 1022 quaecumque
716 973 910 1009 aduersus
926 972 1147 1022 Epicurum
1165 972 1410 1023 Chrysippus
1430 975 1552 1022 scrip-

142 1040 194 1077 sit
219 1040 334 1089 quasi
366 1040 511 1077 horrea
542 1040 747 1089 quaedam
780 1046 896 1077 erant
921 1041 1217 1078 sententiarum
1248 1041 1471 1078 aduersarii
1492 1042 1547 1078 ad

144 1107 313 1144 uerbum
357 1108 732 1157 transscriptarum3
780 1113 923 1144 notum
964 1108 1072 1145 enirn
1111 1115 1176 1145 est
1213 1109 1360 1145 nullius
1403 1108 1550 1146 ueteris

142 1174 348 1223 scriptoris
395 1187 520 1225 opera
565 1175 805 1212 testimoniis
854 1175 1034 1224 undique
1082 1176 1320 1225 constipatis
1367 1176 1551 1224 pleniora

142 1240 269 1278 fuisse
305 1254 429 1291 quam
468 1239 714 1292 Chrysippi2.
776 1243 851 1279 sed
891 1251 932 1279 et
971 1241 1074 1279 haec
1113 1251 1154 1279 et
1191 1243 1393 1292 quidquid
1424 1244 1549 1280 ceteri

141 1307 319 1346 Zenonis
351 1315 575 1347 sectatores
607 1309 895 1358 scriptitarunt,
936 1308 1072 1345 omnia
1104 1314 1218 1345 aetas
1261 1308 1384 1356 longa
1417 1307 1549 1344 fundi-

142 1380 208 1412 tus
240 1376 407 1427 deleuit,
440 1388 543 1426 quae
577 1377 641 1413 uel
675 1376 849 1425 partium
888 1377 985 1412 iram
1018 1375 1237 1424 aliquando
1276 1373 1340 1424 (ut
1371 1375 1548 1412 uidimus

139 1454 178 1491 p.
200 1440 320 1491 LVII)
352 1443 394 1481 in
425 1443 605 1481 studium
631 1443 753 1480 uertit
774 1443 967 1493 adeoque
1000 1454 1151 1479 nouum
1183 1442 1321 1479 florem
1340 1441 1549 1491 Epicureis

140 1510 353 1550 concessit.

253 1578 414 1616 Etenim
445 1579 755 1628 ingrauescente
787 1578 829 1615 in
860 1579 968 1615 diem
1002 1590 1093 1615 cum
1125 1577 1320 1627 religione
1353 1577 1543 1626 supersti-

142 1645 254 1683 tione
286 1657 370 1683 non
401 1645 538 1684 hercle
569 1646 710 1683 mirum
733 1646 763 1684 si
786 1651 991 1695 quotquot
1022 1646 1194 1695 inpediri
1216 1651 1394 1682 mentem
1427 1644 1550 1682 animi

147 1713 368 1763 uincirique
398 1725 521 1763 aegre
553 1713 716 1759 ferrent,
746 1714 804 1750 eis
837 1713 953 1762 quasi
984 1718 1124 1762 portus
1156 1713 1378 1750 tutissimus
1409 1712 1555 1761 patere

140 1781 250 1818 uisus
270 1787 334 1818 est
352 1781 513 1831 Epicuri
539 1781 691 1820 hortus.
722 1781 787 1818 hic
804 1786 948 1818 contra
969 1781 1134 1818 timores
1159 1792 1291 1817 rerum
1311 1780 1549 1817 caelestium

144 1854 187 1885 et
215 1848 463 1887 infernarum
493 1861 587 1886 aere
626 1849 765 1898 triplici
800 1854 945 1897 pectus
981 1847 1279 1894 obducebatur,
1323 1847 1418 1885 hinc
1448 1853 1548 1885 tam-

114 1944 117 1946 —
140 1927 263 1964 quam
280 1928 330 1953 ex
352 1917 666 1954 armamentario
691 1915 851 1964 publico
870 1921 1013 1953 contra
1030 1914 1159 1953 aniles
1178 1925 1283 1963 quae
1302 1915 1549 1952 uidebantur

140 1982 309 2021 fabellas
340 1996 390 2022 ac
429 1984 740 2034 superstitiones
778 1983 1002 2021 certissima
1033 1983 1300 2020 sumebantur
1325 1988 1366 2018 et
1397 1982 1547 2019 acutis·

139 2050 240 2087 sima
283 2051 373 2090 tela.
435 2057 479 2089 ut
515 2051 611 2088 olim
643 2051 846 2100 Lucretio,
888 2052 1008 2087 etiam
1047 2051 1177 2098 magis
1215 2055 1313 2086 tunc
1353 2049 1549 2098 Epicurus

140 2117 394 2156 existimatus
425 2124 488 2156 est
519 2115 629 2168 ἀνὴρ
659 2115 719 2166 ὡς
752 2116 924 2167 ἀληθῶς
959 2115 1076 2167 ἱερὸς
1107 2115 1177 2157 καὶ
1205 2114 1439 2166 θεσπέσιος
1470 2114 1549 2164 τὴν

259 2271 278 2306 1
308 2275 444 2304 exstant
468 2271 672 2312 fragmenta,
701 2271 742 2304 cs.
771 2270 918 2312 Bagueti
954 2270 996 2303 de
1023 2269 1207 2313 Chrysippi
1240 2269 1310 2301 uita
1345 2271 1425 2300 cett.
1455 2277 1548 2299 eom-

138 2336 280 2365 mentat.
307 2343 341 2375 p.
360 2330 432 2365 264
445 2341 521 2375 sqq.

257 2389 279 2424 2
305 2395 444 2433 praeter
470 2390 569 2422 iocos
595 2389 683 2422 infra
708 2399 741 2431 p.
761 2388 819 2427 85,
840 2389 872 2423 9.
899 2388 956 2427 87,
978 2388 1010 2422 7.
1036 2387 1117 2430 342,
1139 2387 1182 2421 14
1207 2387 1345 2430 positos
1372 2388 1416 2419 cs.
1444 2386 1550 2418 Gale-

138 2459 203 2481 nus
231 2449 274 2481 de
297 2449 470 2492 Hippocr.
499 2454 532 2481 et
558 2448 647 2482 Plat.
678 2449 794 2489 dogm.
822 2459 854 2491 p.
880 2447 960 2482 261.
988 2446 1068 2481 265.
1094 2445 1175 2481 975.
1201 2446 1270 2480 307
1297 2445 1422 2479 Mueu.
1456 2445 1547 2480 illud

139 2525 181 2531 —-
214 2507 259 2541 τὸ
292 2507 368 2541 ἀπὸ
399 2510 479 2541 τῶν
511 2506 840 2550 παρατεθειμένων
873 2505 1168 2549 ἐπισεσυρμένον
1202 2504 1433 2537 Philodemus
1465 2503 1549 2535 dicit

137 2564 186 2609 (u.
214 2577 247 2608 p.
266 2565 371 2608 416»)
400 2585 441 2590 —
469 2566 538 2598 iam
563 2566 599 2597 in
625 2566 777 2598 Zenonis
804 2565 907 2598 libris
935 2565 1045 2597 inerat
1073 2563 1120 2606 (u.
1147 2575 1181 2607 p.
1201 2563 1257 2602 δι’),
1280 2563 1351 2606 10).
1397 2563 1492 2606 quod
1519 2563 1549 2594 si

137 2625 292 2657 tenueris
319 2625 414 2666 (uide
439 2625 585 2657 maxime
611 2636 645 2668 p.
664 2623 744 2663 349,
764 2623 928 2665 lat—17),
955 2634 1026 2656 non
1045 2623 1182 2661 latebit,
1209 2623 1303 2655 unde
1322 2622 1547 2663 gnomologia

139 2684 380 2726 antiquissima
408 2684 580 2725 originem
607 2683 778 2716 duxerint.
819 2684 861 2715 de
879 2693 1100 2726 quocumque
1118 2683 1201 2716 loco
1225 2682 1350 2714 morali
1378 2691 1549 2714 commen-

137 2742 259 2775 tarium
282 2742 472 2788 Chrysippi
500 2744 537 2776 in
562 2753 686 2776 manus
714 2742 939 2785 sumpsisses,
966 2742 1140 2786 excerptis
1172 2741 1255 2774 inde
1287 2746 1468 2784 poetarum
1502 2745 1550 2774 te-

138 2800 311 2833 stimoniis
337 2807 495 2844 paratum
524 2807 596 2834 erat
622 2801 878 2845 amplissimum
906 2806 1012 2845 caput
1037 2800 1271 2842 gnomologii.
