<?xml version="1.0" encoding="UTF-8"?>
<!DOCTYPE html PUBLIC "-//W3C//DTD XHTML 1.0 Transitional//EN"
    "http://www.w3.org/TR/xhtml1/DTD/xhtml1-transitional.dtd">
<html xmlns="http://www.w3.org/1999/xhtml" xml:lang="en" lang="en">
 <head>
  <title>
</title>
<meta http-equiv="Content-Type" content="text/html;charset=utf-8" />
  <meta name='ocr-system' content='tesseract 3.04.00' />
  <meta name='ocr-capabilities' content='ocr_page ocr_carea ocr_par ocr_line ocrx_word'/>
</head>
<body>
  <div class='ocr_page' id='page_1' title='image "./epicvreaedidithe00epicuoft/epicvreaedidithe00epicuoft_0354.png"; bbox 0 0 1842 3250; ppageno 0'>
   <div class='ocr_carea' id='block_1_1' title="bbox 203 238 1616 274">
    <p class='ocr_par' dir='ltr' id='par_1_1' title="bbox 203 238 1616 274">
     <span class='ocr_line' id='line_1_1' title="bbox 203 238 1616 274; baseline 0 -2"><span class='ocrx_word' id='word_1_1' title='bbox 203 239 274 274; x_wconf 81' lang='lat'>270</span> <span class='ocrx_word' id='word_1_2' title='bbox 697 239 904 272; x_wconf 87' lang='lat' dir='ltr'>EPICVRI</span> <span class='ocrx_word' id='word_1_3' title='bbox 934 239 1121 272; x_wconf 86' lang='lat' dir='ltr'><strong>ETHICA</strong></span> <span class='ocrx_word' id='word_1_4' title='bbox 1476 239 1519 272; x_wconf 88' lang='lat' dir='ltr'>fr.</span> <span class='ocrx_word' id='word_1_5' title='bbox 1546 238 1616 272; x_wconf 81' lang='lat'>397</span> 
     </span>
    </p>
   </div>
   <div class='ocr_carea' id='block_1_2' title="bbox 201 353 1622 2071">
    <p class='ocr_par' dir='ltr' id='par_1_2' title="bbox 201 353 1622 2071">
     <span class='ocr_line' id='line_1_2' title="bbox 202 353 1620 398; baseline -0.001 -11"><span class='ocrx_word' id='word_1_6' title='bbox 202 359 319 388; x_wconf 89' lang='lat' dir='ltr'>mente</span> <span class='ocrx_word' id='word_1_7' title='bbox 345 355 521 393; x_wconf 87' lang='lat' dir='ltr'>consedit,</span> <span class='ocrx_word' id='word_1_8' title='bbox 548 354 617 387; x_wconf 89' lang='lat' dir='ltr'>hoc</span> <span class='ocrx_word' id='word_1_9' title='bbox 643 355 723 397; x_wconf 83' lang='lat' dir='ltr'>ipso</span> <span class='ocrx_word' id='word_1_10' title='bbox 750 355 848 398; x_wconf 88' lang='lat' dir='ltr'>quod</span> <span class='ocrx_word' id='word_1_11' title='bbox 873 355 975 386; x_wconf 87' lang='lat' dir='ltr'>adest</span> <span class='ocrx_word' id='word_1_12' title='bbox 999 355 1203 387; x_wconf 86' lang='lat' dir='ltr'>turbulenta</span> <span class='ocrx_word' id='word_1_13' title='bbox 1229 359 1294 387; x_wconf 89' lang='lat' dir='ltr'>est.</span> <span class='ocrx_word' id='word_1_14' title='bbox 1327 354 1358 386; x_wconf 91' lang='lat' dir='ltr'>si</span> <span class='ocrx_word' id='word_1_15' title='bbox 1382 364 1469 386; x_wconf 92' lang='lat' dir='ltr'>uero</span> <span class='ocrx_word' id='word_1_16' title='bbox 1493 353 1620 387; x_wconf 86' lang='lat' dir='ltr'>molita</span> 
     </span>
     <span class='ocr_line' id='line_1_3' title="bbox 203 417 1618 462; baseline -0.001 -11"><span class='ocrx_word' id='word_1_17' title='bbox 203 419 385 462; x_wconf 86' lang='lat' dir='ltr'>quippiam</span> <span class='ocrx_word' id='word_1_18' title='bbox 412 424 478 457; x_wconf 89' lang='lat' dir='ltr'>est,</span> <span class='ocrx_word' id='word_1_19' title='bbox 513 419 674 462; x_wconf 85' lang='lat' dir='ltr'>quamuis</span> <span class='ocrx_word' id='word_1_20' title='bbox 703 418 844 451; x_wconf 87' lang='lat' dir='ltr'>occulte</span> <span class='ocrx_word' id='word_1_21' title='bbox 871 419 1005 456; x_wconf 83' lang='lat' dir='ltr'>fecerit,</span> <span class='ocrx_word' id='word_1_22' title='bbox 1041 428 1230 462; x_wconf 83' lang='lat' dir='ltr'><strong>numquam</strong></span> <span class='ocrx_word' id='word_1_23' title='bbox 1256 423 1374 450; x_wconf 86' lang='lat' dir='ltr'>tamen</span> <span class='ocrx_word' id='word_1_24' title='bbox 1400 418 1437 449; x_wconf 87' lang='lat' dir='ltr'>id</span> <span class='ocrx_word' id='word_1_25' title='bbox 1463 417 1618 450; x_wconf 85' lang='lat' dir='ltr'>confidet</span> 
     </span>
     <span class='ocr_line' id='line_1_4' title="bbox 202 482 1619 526; baseline -0.002 -10"><span class='ocrx_word' id='word_1_26' title='bbox 202 485 279 516; x_wconf 81' lang='lat' dir='ltr'>sore</span> <span class='ocrx_word' id='word_1_27' title='bbox 313 493 452 526; x_wconf 83' lang='lat' dir='ltr'>semper</span> <span class='ocrx_word' id='word_1_28' title='bbox 484 482 672 516; x_wconf 86' lang='lat' dir='ltr'>occultum.</span> <span class='ocrx_word' id='word_1_29' title='bbox 722 483 931 526; x_wconf 89' lang='lat' dir='ltr'>plerumque</span> <span class='ocrx_word' id='word_1_30' title='bbox 966 483 1198 526; x_wconf 84' lang='lat' dir='ltr'>inproborum</span> <span class='ocrx_word' id='word_1_31' title='bbox 1234 483 1325 514; x_wconf 82' lang='lat' dir='ltr'>sacta</span> <span class='ocrx_word' id='word_1_32' title='bbox 1358 483 1472 525; x_wconf 87' lang='lat' dir='ltr'>primo</span> <span class='ocrx_word' id='word_1_33' title='bbox 1506 482 1619 524; x_wconf 86' lang='lat' dir='ltr'>suspi-</span> 
     </span>
     <span class='ocr_line' id='line_1_5' title="bbox 202 546 1618 591; baseline -0.002 -11"><span class='ocrx_word' id='word_1_34' title='bbox 202 548 258 580; x_wconf 88' lang='lat' dir='ltr'>cio</span> <span class='ocrx_word' id='word_1_35' title='bbox 285 548 495 591; x_wconf 78' lang='lat' dir='ltr'>insequitur,</span> <span class='ocrx_word' id='word_1_36' title='bbox 535 548 618 580; x_wconf 80' lang='lat' dir='ltr'>dein</span> <span class='ocrx_word' id='word_1_37' title='bbox 646 558 761 580; x_wconf 89' lang='lat' dir='ltr'>sermo</span> <span class='ocrx_word' id='word_1_38' title='bbox 788 552 895 590; x_wconf 85' lang='lat' dir='ltr'>atque</span> <span class='ocrx_word' id='word_1_39' title='bbox 921 548 1025 585; x_wconf 77' lang='lat' dir='ltr'>sarna,</span> <span class='ocrx_word' id='word_1_40' title='bbox 1065 552 1139 579; x_wconf 89' lang='lat' dir='ltr'>tum</span> <span class='ocrx_word' id='word_1_41' title='bbox 1166 551 1361 584; x_wconf 86' lang='lat' dir='ltr'>accusator,</span> <span class='ocrx_word' id='word_1_42' title='bbox 1401 551 1474 578; x_wconf 90' lang='lat' dir='ltr'>tum</span> <span class='ocrx_word' id='word_1_43' title='bbox 1499 546 1618 578; x_wconf 84' lang='lat' dir='ltr'>iudex.</span> 
     </span>
     <span class='ocr_line' id='line_1_6' title="bbox 202 609 1617 655; baseline -0.003 -10"><span class='ocrx_word' id='word_1_44' title='bbox 202 638 210 646; x_wconf 90' lang='lat'>.</span> <span class='ocrx_word' id='word_1_45' title='bbox 232 637 239 645; x_wconf 89' lang='lat'>.</span> <span class='ocrx_word' id='word_1_46' title='bbox 261 638 268 646; x_wconf 95' lang='lat'>.</span> <span class='ocrx_word' id='word_1_47' title='bbox 303 613 401 655; x_wconf 89' lang='lat' dir='ltr'>quod</span> <span class='ocrx_word' id='word_1_48' title='bbox 437 613 468 644; x_wconf 90' lang='lat' dir='ltr'>si</span> <span class='ocrx_word' id='word_1_49' title='bbox 504 612 565 654; x_wconf 87' lang='lat' dir='ltr'>qui</span> <span class='ocrx_word' id='word_1_50' title='bbox 601 612 687 644; x_wconf 82' lang='lat' dir='ltr'>satis</span> <span class='ocrx_word' id='word_1_51' title='bbox 724 613 792 644; x_wconf 86' lang='lat' dir='ltr'>sibi</span> <span class='ocrx_word' id='word_1_52' title='bbox 829 617 951 644; x_wconf 86' lang='lat' dir='ltr'>contra</span> <span class='ocrx_word' id='word_1_53' title='bbox 990 611 1170 644; x_wconf 86' lang='lat' dir='ltr'>hominum</span> <span class='ocrx_word' id='word_1_54' title='bbox 1209 610 1463 644; x_wconf 77' lang='lat' dir='ltr'>conscientiam</span> <span class='ocrx_word' id='word_1_55' title='bbox 1505 609 1617 652; x_wconf 85' lang='lat' dir='ltr'>saepti</span> 
     </span>
     <span class='ocr_line' id='line_1_7' title="bbox 203 673 1620 718; baseline -0.002 -10"><span class='ocrx_word' id='word_1_56' title='bbox 203 687 281 709; x_wconf 82' lang='lat' dir='ltr'>esse</span> <span class='ocrx_word' id='word_1_57' title='bbox 312 682 346 709; x_wconf 91' lang='lat' dir='ltr'>et</span> <span class='ocrx_word' id='word_1_58' title='bbox 372 675 498 708; x_wconf 87' lang='lat' dir='ltr'>muniti</span> <span class='ocrx_word' id='word_1_59' title='bbox 527 675 705 714; x_wconf 87' lang='lat' dir='ltr'>uidentur,</span> <span class='ocrx_word' id='word_1_60' title='bbox 739 676 888 708; x_wconf 87' lang='lat' dir='ltr'>deorum</span> <span class='ocrx_word' id='word_1_61' title='bbox 914 681 1031 708; x_wconf 88' lang='lat' dir='ltr'>tamen</span> <span class='ocrx_word' id='word_1_62' title='bbox 1057 675 1203 707; x_wconf 81' lang='lat' dir='ltr'>horrent</span> <span class='ocrx_word' id='word_1_63' title='bbox 1229 685 1362 718; x_wconf 84' lang='lat' dir='ltr'>easque</span> <span class='ocrx_word' id='word_1_64' title='bbox 1395 675 1490 717; x_wconf 85' lang='lat' dir='ltr'>ipsas</span> <span class='ocrx_word' id='word_1_65' title='bbox 1518 673 1620 706; x_wconf 88' lang='lat' dir='ltr'>solli·</span> 
     </span>
     <span class='ocr_line' id='line_1_8' title="bbox 202 739 1621 782; baseline -0.001 -10"><span class='ocrx_word' id='word_1_66' title='bbox 202 742 396 779; x_wconf 86' lang='lat' dir='ltr'>citudines,</span> <span class='ocrx_word' id='word_1_67' title='bbox 437 741 566 782; x_wconf 87' lang='lat' dir='ltr'>quibus</span> <span class='ocrx_word' id='word_1_68' title='bbox 605 750 726 772; x_wconf 87' lang='lat' dir='ltr'>eorum</span> <span class='ocrx_word' id='word_1_69' title='bbox 764 740 871 772; x_wconf 89' lang='lat' dir='ltr'>animi</span> <span class='ocrx_word' id='word_1_70' title='bbox 905 740 1111 782; x_wconf 72' lang='lat' dir='ltr'>‘noctisque</span> <span class='ocrx_word' id='word_1_71' title='bbox 1147 739 1313 781; x_wconf 82' lang='lat' dir='ltr'>diesque&#39;</span> <span class='ocrx_word' id='word_1_72' title='bbox 1347 739 1556 777; x_wconf 82' lang='lat' dir='ltr'>exeduntur,</span> <span class='ocrx_word' id='word_1_73' title='bbox 1601 749 1621 770; x_wconf 87' lang='lat' dir='ltr'>a</span> 
     </span>
     <span class='ocr_line' id='line_1_9' title="bbox 202 804 1621 847; baseline -0.001 -10"><span class='ocrx_word' id='word_1_74' title='bbox 202 806 257 837; x_wconf 81' lang='lat' dir='ltr'>dis</span> <span class='ocrx_word' id='word_1_75' title='bbox 284 804 533 837; x_wconf 74' lang='lat' dir='ltr'>inmortalibus</span> <span class='ocrx_word' id='word_1_76' title='bbox 562 804 717 847; x_wconf 83' lang='lat' dir='ltr'>supplici</span> <span class='ocrx_word' id='word_1_77' title='bbox 744 813 850 836; x_wconf 88' lang='lat' dir='ltr'>causa</span> <span class='ocrx_word' id='word_1_78' title='bbox 877 804 1049 846; x_wconf 84' lang='lat' dir='ltr'>inportari</span> <span class='ocrx_word' id='word_1_79' title='bbox 1075 809 1210 846; x_wconf 84' lang='lat' dir='ltr'>putant.</span> <span class='ocrx_word' id='word_1_80' title='bbox 1264 814 1355 847; x_wconf 87' lang='lat' dir='ltr'>quae</span> <span class='ocrx_word' id='word_1_81' title='bbox 1383 809 1499 836; x_wconf 81' lang='lat' dir='ltr'>autem</span> <span class='ocrx_word' id='word_1_82' title='bbox 1524 808 1621 836; x_wconf 88' lang='lat' dir='ltr'>tanta</span> 
     </span>
     <span class='ocr_line' id='line_1_10' title="bbox 203 867 1620 912; baseline -0.001 -11"><span class='ocrx_word' id='word_1_83' title='bbox 203 879 245 901; x_wconf 75' lang='lat' dir='ltr'>ex</span> <span class='ocrx_word' id='word_1_84' title='bbox 269 870 432 912; x_wconf 88' lang='lat' dir='ltr'>inprobis</span> <span class='ocrx_word' id='word_1_85' title='bbox 452 870 553 902; x_wconf 79' lang='lat' dir='ltr'>factis</span> <span class='ocrx_word' id='word_1_86' title='bbox 580 869 624 900; x_wconf 86' lang='lat' dir='ltr'>ad</span> <span class='ocrx_word' id='word_1_87' title='bbox 653 869 862 901; x_wconf 88' lang='lat' dir='ltr'>minuendas</span> <span class='ocrx_word' id='word_1_88' title='bbox 890 868 984 901; x_wconf 85' lang='lat' dir='ltr'>uitae</span> <span class='ocrx_word' id='word_1_89' title='bbox 1009 868 1194 901; x_wconf 78' lang='lat' dir='ltr'>molestias</span> <span class='ocrx_word' id='word_1_90' title='bbox 1223 869 1382 900; x_wconf 84' lang='lat' dir='ltr'>accessio</span> <span class='ocrx_word' id='word_1_91' title='bbox 1407 874 1528 911; x_wconf 84' lang='lat' dir='ltr'>potest</span> <span class='ocrx_word' id='word_1_92' title='bbox 1545 867 1620 900; x_wconf 80' lang='lat' dir='ltr'>fieri</span> 
     </span>
     <span class='ocr_line' id='line_1_11' title="bbox 202 931 1620 975; baseline 0 -11"><span class='ocrx_word' id='word_1_93' title='bbox 202 937 331 975; x_wconf 79' lang='lat' dir='ltr'>quanta</span> <span class='ocrx_word' id='word_1_94' title='bbox 365 932 409 963; x_wconf 84' lang='lat' dir='ltr'>ad</span> <span class='ocrx_word' id='word_1_95' title='bbox 449 932 630 972; x_wconf 79' lang='lat' dir='ltr'>augendas</span> <span class='ocrx_word' id='word_1_96' title='bbox 669 942 746 964; x_wconf 89' lang='lat' dir='ltr'>eum</span> <span class='ocrx_word' id='word_1_97' title='bbox 783 931 1003 964; x_wconf 85' lang='lat' dir='ltr'>conscientia</span> <span class='ocrx_word' id='word_1_98' title='bbox 1041 932 1212 964; x_wconf 79' lang='lat' dir='ltr'>factorum</span> <span class='ocrx_word' id='word_1_99' title='bbox 1245 940 1315 963; x_wconf 87' lang='lat' dir='ltr'>tum</span> <span class='ocrx_word' id='word_1_100' title='bbox 1351 942 1469 974; x_wconf 81' lang='lat' dir='ltr'>poena</span> <span class='ocrx_word' id='word_1_101' title='bbox 1500 931 1620 973; x_wconf 86' lang='lat' dir='ltr'>legum</span> 
     </span>
     <span class='ocr_line' id='line_1_12' title="bbox 203 996 1621 1039; baseline 0.001 -11"><span class='ocrx_word' id='word_1_102' title='bbox 203 996 360 1039; x_wconf 88' lang='lat' dir='ltr'>odioque</span> <span class='ocrx_word' id='word_1_103' title='bbox 387 996 542 1029; x_wconf 88' lang='lat' dir='ltr'>ciuium?</span> <span class='ocrx_word' id='word_1_104' title='bbox 589 1021 709 1030; x_wconf 92' lang='grc'><strong><em>.....</em></strong></span> <span class='ocrx_word' id='word_1_105' title='bbox 736 997 864 1029; x_wconf 89' lang='lat' dir='ltr'>inuitat</span> <span class='ocrx_word' id='word_1_106' title='bbox 888 996 995 1038; x_wconf 84' lang='lat' dir='ltr'>igitur</span> <span class='ocrx_word' id='word_1_107' title='bbox 1021 1006 1106 1028; x_wconf 86' lang='lat' dir='ltr'>uera</span> <span class='ocrx_word' id='word_1_108' title='bbox 1131 997 1219 1028; x_wconf 87' lang='lat' dir='ltr'>ratio</span> <span class='ocrx_word' id='word_1_109' title='bbox 1247 997 1339 1028; x_wconf 86' lang='lat' dir='ltr'>bene</span> <span class='ocrx_word' id='word_1_110' title='bbox 1366 1007 1471 1028; x_wconf 87' lang='lat' dir='ltr'>sanos</span> <span class='ocrx_word' id='word_1_111' title='bbox 1498 997 1543 1029; x_wconf 86' lang='lat' dir='ltr'>ad</span> <span class='ocrx_word' id='word_1_112' title='bbox 1568 997 1621 1029; x_wconf 84' lang='lat' dir='ltr'>iu-</span> 
     </span>
     <span class='ocr_line' id='line_1_13' title="bbox 202 1060 1619 1104; baseline 0 -11"><span class='ocrx_word' id='word_1_113' title='bbox 202 1062 333 1093; x_wconf 88' lang='lat' dir='ltr'>stitiam</span> <span class='ocrx_word' id='word_1_114' title='bbox 360 1062 574 1104; x_wconf 81' lang='lat' dir='ltr'>aequitatem</span> <span class='ocrx_word' id='word_1_115' title='bbox 599 1061 715 1094; x_wconf 84' lang='lat' dir='ltr'>fidem.</span> <span class='ocrx_word' id='word_1_116' title='bbox 744 1060 874 1104; x_wconf 87' lang='lat' dir='ltr'>[neque</span> <span class='ocrx_word' id='word_1_117' title='bbox 895 1062 1030 1093; x_wconf 82' lang='lat' dir='ltr'>homini</span> <span class='ocrx_word' id='word_1_118' title='bbox 1049 1061 1175 1093; x_wconf 81' lang='lat' dir='ltr'>infanti</span> <span class='ocrx_word' id='word_1_119' title='bbox 1202 1066 1261 1093; x_wconf 90' lang='lat' dir='ltr'>aut</span> <span class='ocrx_word' id='word_1_120' title='bbox 1286 1061 1464 1103; x_wconf 80' lang='lat' dir='ltr'>inpotenti</span> <span class='ocrx_word' id='word_1_121' title='bbox 1488 1061 1619 1093; x_wconf 88' lang='lat' dir='ltr'>iniuste</span> 
     </span>
     <span class='ocr_line' id='line_1_14' title="bbox 202 1125 1620 1175; baseline 0.001 -19"><span class='ocrx_word' id='word_1_122' title='bbox 202 1126 292 1158; x_wconf 89' lang='lat' dir='ltr'>sacta</span> <span class='ocrx_word' id='word_1_123' title='bbox 321 1126 540 1163; x_wconf 82' lang='lat' dir='ltr'>conducunt,</span> <span class='ocrx_word' id='word_1_124' title='bbox 581 1125 642 1168; x_wconf 88' lang='lat' dir='ltr'>qui</span> <span class='ocrx_word' id='word_1_125' title='bbox 679 1136 743 1157; x_wconf 89' lang='lat' dir='ltr'>nec</span> <span class='ocrx_word' id='word_1_126' title='bbox 776 1126 881 1158; x_wconf 83' lang='lat' dir='ltr'>facile</span> <span class='ocrx_word' id='word_1_127' title='bbox 914 1126 1057 1158; x_wconf 83' lang='lat' dir='ltr'>efficere</span> <span class='ocrx_word' id='word_1_128' title='bbox 1089 1126 1205 1169; x_wconf 81' lang='lat' dir='ltr'>possit</span> <span class='ocrx_word' id='word_1_129' title='bbox 1239 1126 1337 1169; x_wconf 89' lang='lat' dir='ltr'>quod</span> <span class='ocrx_word' id='word_1_130' title='bbox 1368 1131 1521 1175; x_wconf 55' lang='lat' dir='ltr'>ponetur</span> <span class='ocrx_word' id='word_1_131' title='bbox 1555 1136 1620 1158; x_wconf 89' lang='lat' dir='ltr'>nec</span> 
     </span>
     <span class='ocr_line' id='line_1_15' title="bbox 201 1189 1620 1232; baseline 0.001 -11"><span class='ocrx_word' id='word_1_132' title='bbox 201 1190 376 1222; x_wconf 82' lang='lat' dir='ltr'>obtinere.</span> <span class='ocrx_word' id='word_1_133' title='bbox 420 1190 448 1221; x_wconf 91' lang='lat' dir='ltr'>si</span> <span class='ocrx_word' id='word_1_134' title='bbox 482 1190 651 1227; x_wconf 81' lang='lat' dir='ltr'>effecerit,</span> <span class='ocrx_word' id='word_1_135' title='bbox 692 1196 725 1222; x_wconf 84' lang='lat' dir='ltr'>et</span> <span class='ocrx_word' id='word_1_136' title='bbox 760 1200 847 1232; x_wconf 89' lang='lat' dir='ltr'>opes</span> <span class='ocrx_word' id='word_1_137' title='bbox 882 1190 940 1222; x_wconf 88' lang='lat' dir='ltr'>uel</span> <span class='ocrx_word' id='word_1_138' title='bbox 977 1191 1137 1222; x_wconf 78' lang='lat' dir='ltr'>fortunae</span> <span class='ocrx_word' id='word_1_139' title='bbox 1171 1189 1230 1221; x_wconf 91' lang='lat' dir='ltr'>uel</span> <span class='ocrx_word' id='word_1_140' title='bbox 1261 1190 1382 1230; x_wconf 88' lang='lat' dir='ltr'>ingeni</span> <span class='ocrx_word' id='word_1_141' title='bbox 1412 1189 1620 1223; x_wconf 81' lang='lat' dir='ltr'>liberalitati</span> 
     </span>
     <span class='ocr_line' id='line_1_16' title="bbox 201 1253 1621 1298; baseline 0.001 -13"><span class='ocrx_word' id='word_1_142' title='bbox 201 1254 312 1295; x_wconf 82' lang='lat' dir='ltr'>magis</span> <span class='ocrx_word' id='word_1_143' title='bbox 340 1253 586 1298; x_wconf 69' lang='lat' dir='ltr'>conueniunt]</span> <span class='ocrx_word' id='word_1_144' title='bbox 636 1265 705 1297; x_wconf 89' lang='lat' dir='ltr'>qua</span> <span class='ocrx_word' id='word_1_145' title='bbox 732 1255 793 1297; x_wconf 89' lang='lat' dir='ltr'>qui</span> <span class='ocrx_word' id='word_1_146' title='bbox 822 1260 979 1292; x_wconf 85' lang='lat' dir='ltr'>utuntur,</span> <span class='ocrx_word' id='word_1_147' title='bbox 1021 1254 1305 1286; x_wconf 86' lang='lat' dir='ltr'>beniuolentiam</span> <span class='ocrx_word' id='word_1_148' title='bbox 1333 1255 1402 1286; x_wconf 88' lang='lat' dir='ltr'>sibi</span> <span class='ocrx_word' id='word_1_149' title='bbox 1429 1254 1621 1287; x_wconf 86' lang='lat' dir='ltr'>conciliant</span> 
     </span>
     <span class='ocr_line' id='line_1_17' title="bbox 202 1318 1619 1361; baseline 0 -10"><span class='ocrx_word' id='word_1_150' title='bbox 202 1323 247 1356; x_wconf 88' lang='lat' dir='ltr'>et,</span> <span class='ocrx_word' id='word_1_151' title='bbox 274 1318 372 1361; x_wconf 86' lang='lat' dir='ltr'>quod</span> <span class='ocrx_word' id='word_1_152' title='bbox 398 1319 619 1360; x_wconf 79' lang='lat' dir='ltr'>aptissimum</span> <span class='ocrx_word' id='word_1_153' title='bbox 648 1324 700 1350; x_wconf 82' lang='lat' dir='ltr'>est</span> <span class='ocrx_word' id='word_1_154' title='bbox 729 1319 772 1350; x_wconf 88' lang='lat' dir='ltr'>ad</span> <span class='ocrx_word' id='word_1_155' title='bbox 799 1318 919 1360; x_wconf 85' lang='lat' dir='ltr'>quiete</span> <span class='ocrx_word' id='word_1_156' title='bbox 947 1318 1152 1355; x_wconf 88' lang='lat' dir='ltr'>uiuendum,</span> <span class='ocrx_word' id='word_1_157' title='bbox 1188 1319 1378 1355; x_wconf 81' lang='lat' dir='ltr'>caritatem,</span> <span class='ocrx_word' id='word_1_158' title='bbox 1412 1319 1619 1361; x_wconf 82' lang='lat' dir='ltr'>praesertim</span> 
     </span>
     <span class='ocr_line' id='line_1_18' title="bbox 205 1382 1621 1424; baseline 0 -10"><span class='ocrx_word' id='word_1_159' title='bbox 205 1393 283 1414; x_wconf 86' lang='lat' dir='ltr'>cum</span> <span class='ocrx_word' id='word_1_160' title='bbox 311 1383 454 1414; x_wconf 86' lang='lat' dir='ltr'>omniuo</span> <span class='ocrx_word' id='word_1_161' title='bbox 482 1382 581 1413; x_wconf 81' lang='lat' dir='ltr'>nulla</span> <span class='ocrx_word' id='word_1_162' title='bbox 608 1383 653 1413; x_wconf 78' lang='lat' dir='ltr'>sit</span> <span class='ocrx_word' id='word_1_163' title='bbox 680 1392 785 1413; x_wconf 79' lang='lat' dir='ltr'>causa</span> <span class='ocrx_word' id='word_1_164' title='bbox 811 1382 992 1424; x_wconf 80' lang='lat' dir='ltr'>peccandi.</span> <span class='ocrx_word' id='word_1_165' title='bbox 1036 1392 1127 1424; x_wconf 88' lang='lat' dir='ltr'>quae</span> <span class='ocrx_word' id='word_1_166' title='bbox 1155 1383 1247 1413; x_wconf 90' lang='lat' dir='ltr'>enim</span> <span class='ocrx_word' id='word_1_167' title='bbox 1277 1382 1491 1424; x_wconf 83' lang='lat' dir='ltr'>cupiditates</span> <span class='ocrx_word' id='word_1_168' title='bbox 1518 1393 1537 1414; x_wconf 87' lang='lat' dir='ltr'>a</span> <span class='ocrx_word' id='word_1_169' title='bbox 1562 1393 1621 1414; x_wconf 87' lang='lat' dir='ltr'>na-</span> 
     </span>
     <span class='ocr_line' id='line_1_19' title="bbox 204 1446 1621 1489; baseline 0.001 -11"><span class='ocrx_word' id='word_1_170' title='bbox 204 1454 280 1479; x_wconf 81' lang='lat' dir='ltr'>tura</span> <span class='ocrx_word' id='word_1_171' title='bbox 311 1447 591 1489; x_wconf 82' lang='lat' dir='ltr'>proficiscuntur,</span> <span class='ocrx_word' id='word_1_172' title='bbox 633 1446 738 1477; x_wconf 82' lang='lat' dir='ltr'>facile</span> <span class='ocrx_word' id='word_1_173' title='bbox 771 1446 956 1488; x_wconf 79' lang='lat' dir='ltr'>explentur</span> <span class='ocrx_word' id='word_1_174' title='bbox 990 1446 1066 1478; x_wconf 89' lang='lat' dir='ltr'>sine</span> <span class='ocrx_word' id='word_1_175' title='bbox 1097 1446 1171 1478; x_wconf 85' lang='lat' dir='ltr'>ulla</span> <span class='ocrx_word' id='word_1_176' title='bbox 1197 1446 1343 1478; x_wconf 86' lang='lat' dir='ltr'>iniuria:</span> <span class='ocrx_word' id='word_1_177' title='bbox 1388 1457 1478 1489; x_wconf 85' lang='lat' dir='ltr'>quae</span> <span class='ocrx_word' id='word_1_178' title='bbox 1505 1451 1621 1479; x_wconf 86' lang='lat' dir='ltr'>autem</span> 
     </span>
     <span class='ocr_line' id='line_1_20' title="bbox 203 1511 1621 1553; baseline 0.001 -11"><span class='ocrx_word' id='word_1_179' title='bbox 203 1512 327 1543; x_wconf 87' lang='lat' dir='ltr'>inanes</span> <span class='ocrx_word' id='word_1_180' title='bbox 356 1518 446 1547; x_wconf 75' lang='lat' dir='ltr'>sunt,</span> <span class='ocrx_word' id='word_1_181' title='bbox 490 1512 532 1542; x_wconf 88' lang='lat' dir='ltr'>iis</span> <span class='ocrx_word' id='word_1_182' title='bbox 561 1511 755 1553; x_wconf 85' lang='lat' dir='ltr'>parendum</span> <span class='ocrx_word' id='word_1_183' title='bbox 782 1521 854 1542; x_wconf 90' lang='lat' dir='ltr'>non</span> <span class='ocrx_word' id='word_1_184' title='bbox 882 1516 945 1542; x_wconf 86' lang='lat' dir='ltr'>est.</span> <span class='ocrx_word' id='word_1_185' title='bbox 988 1511 1078 1543; x_wconf 84' lang='lat' dir='ltr'>nihil</span> <span class='ocrx_word' id='word_1_186' title='bbox 1106 1512 1198 1543; x_wconf 85' lang='lat' dir='ltr'>enim</span> <span class='ocrx_word' id='word_1_187' title='bbox 1224 1511 1465 1543; x_wconf 83' lang='lat' dir='ltr'>desiderabile</span> <span class='ocrx_word' id='word_1_188' title='bbox 1496 1522 1621 1543; x_wconf 88' lang='lat' dir='ltr'>concu-</span> 
     </span>
     <span class='ocr_line' id='line_1_21' title="bbox 201 1575 1620 1619; baseline -0.001 -11"><span class='ocrx_word' id='word_1_189' title='bbox 201 1577 353 1619; x_wconf 76' lang='lat' dir='ltr'>piscunt⁷</span> <span class='ocrx_word' id='word_1_190' title='bbox 394 1576 548 1618; x_wconf 79' lang='lat' dir='ltr'>plusque</span> <span class='ocrx_word' id='word_1_191' title='bbox 579 1576 613 1607; x_wconf 91' lang='lat' dir='ltr'>in</span> <span class='ocrx_word' id='word_1_192' title='bbox 644 1576 721 1617; x_wconf 82' lang='lat' dir='ltr'>ipsa</span> <span class='ocrx_word' id='word_1_193' title='bbox 749 1576 876 1607; x_wconf 80' lang='lat' dir='ltr'>iniuria</span> <span class='ocrx_word' id='word_1_194' title='bbox 912 1576 1115 1607; x_wconf 86' lang='lat' dir='ltr'>detrimenti</span> <span class='ocrx_word' id='word_1_195' title='bbox 1151 1581 1203 1607; x_wconf 86' lang='lat' dir='ltr'>est</span> <span class='ocrx_word' id='word_1_196' title='bbox 1230 1586 1333 1618; x_wconf 84' lang='lat' dir='ltr'>quam</span> <span class='ocrx_word' id='word_1_197' title='bbox 1368 1576 1403 1607; x_wconf 86' lang='lat' dir='ltr'>in</span> <span class='ocrx_word' id='word_1_198' title='bbox 1436 1575 1480 1607; x_wconf 88' lang='lat' dir='ltr'>iis</span> <span class='ocrx_word' id='word_1_199' title='bbox 1514 1576 1620 1607; x_wconf 83' lang='lat' dir='ltr'>rebus</span> 
     </span>
     <span class='ocr_line' id='line_1_22' title="bbox 203 1640 1621 1683; baseline 0 -11"><span class='ocrx_word' id='word_1_200' title='bbox 203 1641 443 1678; x_wconf 83' lang='lat' dir='ltr'>emolumenti,</span> <span class='ocrx_word' id='word_1_201' title='bbox 473 1651 561 1682; x_wconf 85' lang='lat' dir='ltr'>quae</span> <span class='ocrx_word' id='word_1_202' title='bbox 590 1641 774 1682; x_wconf 81' lang='lat' dir='ltr'>pariuntur</span> <span class='ocrx_word' id='word_1_203' title='bbox 800 1640 938 1673; x_wconf 86' lang='lat' dir='ltr'>iniuria.</span> <span class='ocrx_word' id='word_1_204' title='bbox 965 1640 1086 1683; x_wconf 86' lang='lat' dir='ltr'>itaque</span> <span class='ocrx_word' id='word_1_205' title='bbox 1105 1651 1148 1672; x_wconf 86' lang='lat' dir='ltr'>ne</span> <span class='ocrx_word' id='word_1_206' title='bbox 1167 1640 1338 1672; x_wconf 84' lang='lat' dir='ltr'>iustitiam</span> <span class='ocrx_word' id='word_1_207' title='bbox 1358 1640 1501 1682; x_wconf 82' lang='lat' dir='ltr'>quidem</span> <span class='ocrx_word' id='word_1_208' title='bbox 1527 1645 1621 1672; x_wconf 88' lang='lat' dir='ltr'>recte</span> 
     </span>
     <span class='ocr_line' id='line_1_23' title="bbox 202 1704 1621 1748; baseline 0 -12"><span class='ocrx_word' id='word_1_209' title='bbox 202 1705 281 1748; x_wconf 81' lang='lat' dir='ltr'>quis</span> <span class='ocrx_word' id='word_1_210' title='bbox 309 1705 439 1736; x_wconf 82' lang='lat' dir='ltr'>dixerit</span> <span class='ocrx_word' id='word_1_211' title='bbox 465 1716 528 1747; x_wconf 81' lang='lat' dir='ltr'>per</span> <span class='ocrx_word' id='word_1_212' title='bbox 555 1715 592 1736; x_wconf 86' lang='lat' dir='ltr'>se</span> <span class='ocrx_word' id='word_1_213' title='bbox 618 1706 731 1746; x_wconf 77' lang='lat' dir='ltr'>ipsam</span> <span class='ocrx_word' id='word_1_214' title='bbox 759 1705 966 1747; x_wconf 74' lang='lat' dir='ltr'>optabilem,</span> <span class='ocrx_word' id='word_1_215' title='bbox 1002 1705 1065 1736; x_wconf 84' lang='lat' dir='ltr'>sed</span> <span class='ocrx_word' id='word_1_216' title='bbox 1093 1705 1176 1747; x_wconf 83' lang='lat' dir='ltr'>quia</span> <span class='ocrx_word' id='word_1_217' title='bbox 1202 1705 1431 1736; x_wconf 83' lang='lat' dir='ltr'>iucunditatis</span> <span class='ocrx_word' id='word_1_218' title='bbox 1459 1705 1518 1736; x_wconf 90' lang='lat' dir='ltr'>uel</span> <span class='ocrx_word' id='word_1_219' title='bbox 1544 1704 1621 1748; x_wconf 89' lang='lat' dir='ltr'>plu-</span> 
     </span>
     <span class='ocr_line' id='line_1_24' title="bbox 202 1769 1620 1812; baseline -0.001 -11"><span class='ocrx_word' id='word_1_220' title='bbox 202 1769 325 1801; x_wconf 88' lang='lat' dir='ltr'>rimum</span> <span class='ocrx_word' id='word_1_221' title='bbox 354 1770 502 1802; x_wconf 80' lang='lat' dir='ltr'>adferat.</span> <span class='ocrx_word' id='word_1_222' title='bbox 553 1780 631 1801; x_wconf 77' lang='lat' dir='ltr'>nam</span> <span class='ocrx_word' id='word_1_223' title='bbox 659 1769 762 1810; x_wconf 79' lang='lat' dir='ltr'>diligi</span> <span class='ocrx_word' id='word_1_224' title='bbox 797 1776 831 1801; x_wconf 87' lang='lat' dir='ltr'>et</span> <span class='ocrx_word' id='word_1_225' title='bbox 864 1780 981 1801; x_wconf 84' lang='lat' dir='ltr'>carum</span> <span class='ocrx_word' id='word_1_226' title='bbox 1011 1779 1091 1801; x_wconf 87' lang='lat' dir='ltr'>esse</span> <span class='ocrx_word' id='word_1_227' title='bbox 1118 1769 1312 1801; x_wconf 79' lang='lat' dir='ltr'>iucundum</span> <span class='ocrx_word' id='word_1_228' title='bbox 1340 1775 1393 1801; x_wconf 86' lang='lat' dir='ltr'>est</span> <span class='ocrx_word' id='word_1_229' title='bbox 1418 1775 1620 1812; x_wconf 83' lang='lat' dir='ltr'>propterea,</span> 
     </span>
     <span class='ocr_line' id='line_1_25' title="bbox 203 1833 1620 1877; baseline -0.001 -11"><span class='ocrx_word' id='word_1_230' title='bbox 203 1834 285 1877; x_wconf 88' lang='lat' dir='ltr'>quia</span> <span class='ocrx_word' id='word_1_231' title='bbox 310 1835 475 1866; x_wconf 87' lang='lat' dir='ltr'>tutiorem</span> <span class='ocrx_word' id='word_1_232' title='bbox 502 1834 611 1866; x_wconf 90' lang='lat' dir='ltr'>uitam</span> <span class='ocrx_word' id='word_1_233' title='bbox 639 1840 672 1866; x_wconf 90' lang='lat' dir='ltr'>et</span> <span class='ocrx_word' id='word_1_234' title='bbox 698 1834 922 1876; x_wconf 87' lang='lat' dir='ltr'>uoluptatum</span> <span class='ocrx_word' id='word_1_235' title='bbox 948 1834 1148 1877; x_wconf 87' lang='lat' dir='ltr'>pleniorem</span> <span class='ocrx_word' id='word_1_236' title='bbox 1175 1833 1294 1866; x_wconf 83' lang='lat' dir='ltr'>efficit.</span> <span class='ocrx_word' id='word_1_237' title='bbox 1327 1834 1448 1875; x_wconf 88' lang='lat' dir='ltr'>itaque</span> <span class='ocrx_word' id='word_1_238' title='bbox 1474 1843 1547 1865; x_wconf 85' lang='lat' dir='ltr'>non</span> <span class='ocrx_word' id='word_1_239' title='bbox 1573 1834 1620 1865; x_wconf 92' lang='lat' dir='ltr'>ob</span> 
     </span>
     <span class='ocr_line' id='line_1_26' title="bbox 203 1898 1622 1942; baseline 0 -12"><span class='ocrx_word' id='word_1_240' title='bbox 203 1908 243 1930; x_wconf 92' lang='lat' dir='ltr'>ea</span> <span class='ocrx_word' id='word_1_241' title='bbox 270 1898 387 1930; x_wconf 83' lang='lat' dir='ltr'>solum</span> <span class='ocrx_word' id='word_1_242' title='bbox 413 1899 651 1937; x_wconf 83' lang='lat' dir='ltr'>incommoda,</span> <span class='ocrx_word' id='word_1_243' title='bbox 691 1910 781 1941; x_wconf 87' lang='lat' dir='ltr'>quae</span> <span class='ocrx_word' id='word_1_244' title='bbox 808 1900 977 1931; x_wconf 86' lang='lat' dir='ltr'>eueniunt</span> <span class='ocrx_word' id='word_1_245' title='bbox 1005 1899 1181 1942; x_wconf 85' lang='lat' dir='ltr'>inprobis,</span> <span class='ocrx_word' id='word_1_246' title='bbox 1220 1899 1427 1939; x_wconf 81' lang='lat' dir='ltr'>fugiendam</span> <span class='ocrx_word' id='word_1_247' title='bbox 1464 1898 1622 1941; x_wconf 87' lang='lat' dir='ltr'>inprobi-</span> 
     </span>
     <span class='ocr_line' id='line_1_27' title="bbox 202 1963 1622 2007; baseline 0 -13"><span class='ocrx_word' id='word_1_248' title='bbox 202 1967 309 1995; x_wconf 84' lang='lat' dir='ltr'>tatem</span> <span class='ocrx_word' id='word_1_249' title='bbox 340 1969 516 2006; x_wconf 64' lang='lat' dir='ltr'>putamu5‚</span> <span class='ocrx_word' id='word_1_250' title='bbox 558 1964 620 1995; x_wconf 85' lang='lat' dir='ltr'>sed</span> <span class='ocrx_word' id='word_1_251' title='bbox 653 1963 765 1995; x_wconf 85' lang='lat' dir='ltr'>multo</span> <span class='ocrx_word' id='word_1_252' title='bbox 795 1963 898 1995; x_wconf 83' lang='lat' dir='ltr'>etiam</span> <span class='ocrx_word' id='word_1_253' title='bbox 925 1964 1048 2004; x_wconf 81' lang='lat' dir='ltr'>magis,</span> <span class='ocrx_word' id='word_1_254' title='bbox 1084 1963 1181 2007; x_wconf 90' lang='lat' dir='ltr'>quod</span> <span class='ocrx_word' id='word_1_255' title='bbox 1212 1964 1313 1996; x_wconf 86' lang='lat' dir='ltr'>cuius</span> <span class='ocrx_word' id='word_1_256' title='bbox 1340 1964 1376 1995; x_wconf 89' lang='lat' dir='ltr'>iu</span> <span class='ocrx_word' id='word_1_257' title='bbox 1402 1963 1518 1996; x_wconf 85' lang='lat' dir='ltr'>animo</span> <span class='ocrx_word' id='word_1_258' title='bbox 1547 1973 1622 1995; x_wconf 88' lang='lat' dir='ltr'>uer-</span> 
     </span>
     <span class='ocr_line' id='line_1_28' title="bbox 204 2028 1441 2071; baseline 0.001 -12"><span class='ocrx_word' id='word_1_259' title='bbox 204 2032 310 2066; x_wconf 77' lang='lat' dir='ltr'>satur,</span> <span class='ocrx_word' id='word_1_260' title='bbox 337 2038 528 2071; x_wconf 86' lang='lat' dir='ltr'>numquam</span> <span class='ocrx_word' id='word_1_261' title='bbox 556 2028 639 2060; x_wconf 86' lang='lat' dir='ltr'>sinit</span> <span class='ocrx_word' id='word_1_262' title='bbox 667 2039 746 2060; x_wconf 88' lang='lat' dir='ltr'>eum</span> <span class='ocrx_word' id='word_1_263' title='bbox 774 2029 958 2071; x_wconf 83' lang='lat' dir='ltr'>respirare,</span> <span class='ocrx_word' id='word_1_264' title='bbox 986 2039 1175 2070; x_wconf 86' lang='lat' dir='ltr'>numquam</span> <span class='ocrx_word' id='word_1_265' title='bbox 1202 2029 1441 2070; x_wconf 87' lang='lat' dir='ltr'>acquiescere.</span> 
     </span>
    </p>
   </div>
   <div class='ocr_carea' id='block_1_3' title="bbox 251 2092 1622 2135">
    <p class='ocr_par' dir='ltr' id='par_1_3' title="bbox 251 2092 1622 2135">
     <span class='ocr_line' id='line_1_29' title="bbox 251 2092 1622 2135; baseline 0.001 -12"><span class='ocrx_word' id='word_1_266' title='bbox 251 2093 348 2134; x_wconf 90' lang='lat' dir='ltr'>quod</span> <span class='ocrx_word' id='word_1_267' title='bbox 377 2092 405 2123; x_wconf 87' lang='lat' dir='ltr'>si</span> <span class='ocrx_word' id='word_1_268' title='bbox 433 2103 477 2124; x_wconf 89' lang='lat' dir='ltr'>ne</span> <span class='ocrx_word' id='word_1_269' title='bbox 504 2092 660 2135; x_wconf 86' lang='lat' dir='ltr'>ipsarum</span> <span class='ocrx_word' id='word_1_270' title='bbox 687 2092 830 2135; x_wconf 86' lang='lat' dir='ltr'>quidem</span> <span class='ocrx_word' id='word_1_271' title='bbox 859 2093 1027 2125; x_wconf 81' lang='lat' dir='ltr'>uirtutum</span> <span class='ocrx_word' id='word_1_272' title='bbox 1053 2092 1143 2131; x_wconf 84' lang='lat' dir='ltr'>laus,</span> <span class='ocrx_word' id='word_1_273' title='bbox 1167 2092 1204 2125; x_wconf 89' lang='lat' dir='ltr'>in</span> <span class='ocrx_word' id='word_1_274' title='bbox 1222 2103 1293 2135; x_wconf 87' lang='lat' dir='ltr'>qua</span> <span class='ocrx_word' id='word_1_275' title='bbox 1311 2092 1462 2124; x_wconf 78' lang='lat' dir='ltr'>maxime</span> <span class='ocrx_word' id='word_1_276' title='bbox 1487 2097 1622 2124; x_wconf 88' lang='lat' dir='ltr'>cetero·</span> 
     </span>
    </p>
   </div>
   <div class='ocr_carea' id='block_1_4' title="bbox 202 2241 1621 2811">
    <p class='ocr_par' dir='ltr' id='par_1_4' title="bbox 202 2241 1621 2811">
     <span class='ocr_line' id='line_1_30' title="bbox 323 2241 1621 2282; baseline -0.001 -9"><span class='ocrx_word' id='word_1_277' title='bbox 323 2243 345 2274; x_wconf 88' lang='lat'>4</span> <span class='ocrx_word' id='word_1_278' title='bbox 371 2243 483 2274; x_wconf 74' lang='lat' dir='ltr'>index</span> <span class='ocrx_word' id='word_1_279' title='bbox 510 2243 544 2274; x_wconf 84' lang='lat' dir='ltr'>A</span> <span class='ocrx_word' id='word_1_280' title='bbox 599 2244 605 2282; x_wconf 89' lang='grc'>1</span> <span class='ocrx_word' id='word_1_281' title='bbox 663 2242 683 2275; x_wconf 87' lang='grc'>7</span> <span class='ocrx_word' id='word_1_282' title='bbox 711 2242 870 2274; x_wconf 89' lang='lat' dir='ltr'>colorem</span> <span class='ocrx_word' id='word_1_283' title='bbox 898 2243 970 2275; x_wconf 88' lang='lat' dir='ltr'>Cic.</span> <span class='ocrx_word' id='word_1_284' title='bbox 998 2242 1044 2274; x_wconf 90' lang='lat' dir='ltr'>ab</span> <span class='ocrx_word' id='word_1_285' title='bbox 1072 2242 1191 2274; x_wconf 87' lang='lat' dir='ltr'>Ennio</span> <span class='ocrx_word' id='word_1_286' title='bbox 1218 2252 1298 2274; x_wconf 84' lang='lat' dir='ltr'>ann.</span> <span class='ocrx_word' id='word_1_287' title='bbox 1326 2241 1395 2275; x_wconf 81' lang='lat'>338</span> <span class='ocrx_word' id='word_1_288' title='bbox 1415 2241 1521 2274; x_wconf 76' lang='lat' dir='ltr'>Vahl.</span> <span class='ocrx_word' id='word_1_289' title='bbox 1547 2251 1621 2273; x_wconf 88' lang='lat' dir='ltr'>mu-</span> 
     </span>
     <span class='ocr_line' id='line_1_31' title="bbox 203 2299 1620 2343; baseline -0.001 -11"><span class='ocrx_word' id='word_1_290' title='bbox 203 2305 319 2332; x_wconf 86' lang='lat' dir='ltr'>tuatur</span> <span class='ocrx_word' id='word_1_291' title='bbox 363 2302 368 2341; x_wconf 78' lang='grc' dir='ltr'>Ι</span> <span class='ocrx_word' id='word_1_292' title='bbox 418 2301 460 2334; x_wconf 84' lang='grc'>12</span> <span class='ocrx_word' id='word_1_293' title='bbox 487 2312 604 2343; x_wconf 82' lang='lat' dir='ltr'>neque</span> <span class='ocrx_word' id='word_1_294' title='bbox 622 2327 629 2333; x_wconf 91' lang='lat'>.</span> <span class='ocrx_word' id='word_1_295' title='bbox 647 2327 653 2333; x_wconf 93' lang='lat'>.</span> <span class='ocrx_word' id='word_1_296' title='bbox 672 2327 679 2334; x_wconf 92' lang='lat'>.</span> <span class='ocrx_word' id='word_1_297' title='bbox 702 2301 744 2334; x_wconf 79' lang='lat'>15</span> <span class='ocrx_word' id='word_1_298' title='bbox 764 2303 990 2333; x_wconf 80' lang='lat' dir='ltr'>conueniunt</span> <span class='ocrx_word' id='word_1_299' title='bbox 1014 2301 1143 2333; x_wconf 86' lang='lat' dir='ltr'>inclusi</span> <span class='ocrx_word' id='word_1_300' title='bbox 1171 2311 1242 2332; x_wconf 86' lang='lat' dir='ltr'>non</span> <span class='ocrx_word' id='word_1_301' title='bbox 1271 2301 1369 2343; x_wconf 91' lang='lat' dir='ltr'>quod</span> <span class='ocrx_word' id='word_1_302' title='bbox 1397 2310 1460 2343; x_wconf 89' lang='lat' dir='ltr'>pro</span> <span class='ocrx_word' id='word_1_303' title='bbox 1489 2299 1620 2342; x_wconf 86' lang='lat' dir='ltr'>spuriis</span> 
     </span>
     <span class='ocr_line' id='line_1_32' title="bbox 202 2358 1621 2402; baseline -0.001 -11"><span class='ocrx_word' id='word_1_304' title='bbox 202 2359 383 2397; x_wconf 84' lang='lat' dir='ltr'>haberem,</span> <span class='ocrx_word' id='word_1_305' title='bbox 426 2359 489 2391; x_wconf 87' lang='lat' dir='ltr'>sed</span> <span class='ocrx_word' id='word_1_306' title='bbox 517 2360 613 2402; x_wconf 88' lang='lat' dir='ltr'>quod</span> <span class='ocrx_word' id='word_1_307' title='bbox 641 2369 712 2391; x_wconf 86' lang='lat' dir='ltr'>non</span> <span class='ocrx_word' id='word_1_308' title='bbox 741 2370 805 2391; x_wconf 89' lang='lat' dir='ltr'>suo</span> <span class='ocrx_word' id='word_1_309' title='bbox 833 2367 914 2392; x_wconf 84' lang='lat' dir='ltr'>sunt</span> <span class='ocrx_word' id='word_1_310' title='bbox 939 2360 1021 2392; x_wconf 88' lang='lat' dir='ltr'>loco</span> <span class='ocrx_word' id='word_1_311' title='bbox 1048 2360 1178 2402; x_wconf 84' lang='lat' dir='ltr'>posita.</span> <span class='ocrx_word' id='word_1_312' title='bbox 1229 2360 1277 2391; x_wconf 87' lang='lat' dir='ltr'>ita</span> <span class='ocrx_word' id='word_1_313' title='bbox 1305 2370 1346 2391; x_wconf 83' lang='lat' dir='ltr'>ea</span> <span class='ocrx_word' id='word_1_314' title='bbox 1371 2358 1550 2401; x_wconf 86' lang='lat' dir='ltr'>pertinent</span> <span class='ocrx_word' id='word_1_315' title='bbox 1577 2358 1621 2390; x_wconf 89' lang='lat' dir='ltr'>ad</span> 
     </span>
     <span class='ocr_line' id='line_1_33' title="bbox 205 2415 1620 2462; baseline -0.001 -13"><span class='ocrx_word' id='word_1_316' title='bbox 205 2418 390 2460; x_wconf 82' lang='lat' dir='ltr'>superiora</span> <span class='ocrx_word' id='word_1_317' title='bbox 408 2415 425 2462; x_wconf 71' lang='grc' dir='ltr'>ξ</span> <span class='ocrx_word' id='word_1_318' title='bbox 441 2419 497 2455; x_wconf 84' lang='grc'>51,</span> <span class='ocrx_word' id='word_1_319' title='bbox 519 2424 558 2450; x_wconf 85' lang='lat' dir='ltr'>ut</span> <span class='ocrx_word' id='word_1_320' title='bbox 577 2419 762 2461; x_wconf 85' lang='lat' dir='ltr'>sequentia</span> <span class='ocrx_word' id='word_1_321' title='bbox 780 2419 803 2451; x_wconf 91' lang='lat' dir='ltr'>l.</span> <span class='ocrx_word' id='word_1_322' title='bbox 822 2419 864 2451; x_wconf 84' lang='lat'>15</span> <span class='ocrx_word' id='word_1_323' title='bbox 879 2429 932 2461; x_wconf 80' lang='lat' dir='ltr'>sq.</span> <span class='ocrx_word' id='word_1_324' title='bbox 952 2419 997 2451; x_wconf 86' lang='lat' dir='ltr'>ad</span> <span class='ocrx_word' id='word_1_325' title='bbox 1016 2418 1271 2450; x_wconf 81' lang='lat' dir='ltr'>liberalitatem</span> <span class='ocrx_word' id='word_1_326' title='bbox 1290 2416 1329 2458; x_wconf 88' lang='lat' dir='ltr'>(l.</span> <span class='ocrx_word' id='word_1_327' title='bbox 1349 2415 1408 2460; x_wconf 82' lang='lat'>15)</span> <span class='ocrx_word' id='word_1_328' title='bbox 1428 2420 1620 2459; x_wconf 82' lang='lat' dir='ltr'>nequeunt,</span> 
     </span>
     <span class='ocr_line' id='line_1_34' title="bbox 204 2475 1620 2521; baseline -0.001 -13"><span class='ocrx_word' id='word_1_329' title='bbox 204 2476 337 2508; x_wconf 86' lang='lat' dir='ltr'>debent</span> <span class='ocrx_word' id='word_1_330' title='bbox 370 2477 413 2508; x_wconf 81' lang='lat' dir='ltr'>ad</span> <span class='ocrx_word' id='word_1_331' title='bbox 447 2477 617 2509; x_wconf 82' lang='lat' dir='ltr'>iustitiam</span> <span class='ocrx_word' id='word_1_332' title='bbox 645 2478 688 2519; x_wconf 81' lang='lat' dir='ltr'>(l.</span> <span class='ocrx_word' id='word_1_333' title='bbox 712 2478 769 2521; x_wconf 87' lang='lat'>12)</span> <span class='ocrx_word' id='word_1_334' title='bbox 798 2477 932 2516; x_wconf 84' lang='lat' dir='ltr'>referri,</span> <span class='ocrx_word' id='word_1_335' title='bbox 966 2478 1009 2511; x_wconf 80' lang='lat' dir='ltr'>cs.</span> <span class='ocrx_word' id='word_1_336' title='bbox 1035 2477 1059 2510; x_wconf 91' lang='lat' dir='ltr'>l.</span> <span class='ocrx_word' id='word_1_337' title='bbox 1082 2478 1136 2510; x_wconf 85' lang='lat'>17.</span> <span class='ocrx_word' id='word_1_338' title='bbox 1190 2476 1334 2508; x_wconf 86' lang='lat' dir='ltr'>uidetur</span> <span class='ocrx_word' id='word_1_339' title='bbox 1360 2476 1468 2516; x_wconf 85' lang='lat' dir='ltr'>igitur</span> <span class='ocrx_word' id='word_1_340' title='bbox 1494 2475 1620 2507; x_wconf 91' lang='lat' dir='ltr'>Cicero</span> 
     </span>
     <span class='ocr_line' id='line_1_35' title="bbox 204 2534 1620 2579; baseline 0.001 -13"><span class='ocrx_word' id='word_1_341' title='bbox 204 2535 483 2567; x_wconf 85' lang='lat' dir='ltr'>additamentum</span> <span class='ocrx_word' id='word_1_342' title='bbox 503 2546 545 2567; x_wconf 78' lang='lat' dir='ltr'>ex</span> <span class='ocrx_word' id='word_1_343' title='bbox 563 2537 721 2577; x_wconf 84' lang='lat' dir='ltr'>margine</span> <span class='ocrx_word' id='word_1_344' title='bbox 742 2537 920 2579; x_wconf 83' lang='lat' dir='ltr'>epitomae</span> <span class='ocrx_word' id='word_1_345' title='bbox 940 2536 1132 2579; x_wconf 83' lang='lat' dir='ltr'>arripuisse</span> <span class='ocrx_word' id='word_1_346' title='bbox 1152 2540 1186 2567; x_wconf 91' lang='lat' dir='ltr'>et</span> <span class='ocrx_word' id='word_1_347' title='bbox 1205 2535 1332 2567; x_wconf 85' lang='lat' dir='ltr'>inscite</span> <span class='ocrx_word' id='word_1_348' title='bbox 1351 2534 1620 2577; x_wconf 83' lang='lat' dir='ltr'>interposuisse.</span> 
     </span>
     <span class='ocr_line' id='line_1_36' title="bbox 203 2593 1621 2637; baseline 0 -13"><span class='ocrx_word' id='word_1_349' title='bbox 203 2603 282 2625; x_wconf 85' lang='lat' dir='ltr'>nam</span> <span class='ocrx_word' id='word_1_350' title='bbox 315 2595 409 2626; x_wconf 91' lang='lat' dir='ltr'>unde</span> <span class='ocrx_word' id='word_1_351' title='bbox 442 2594 627 2627; x_wconf 85' lang='lat' dir='ltr'>traiectum</span> <span class='ocrx_word' id='word_1_352' title='bbox 655 2594 880 2627; x_wconf 86' lang='lat' dir='ltr'>librariorum</span> <span class='ocrx_word' id='word_1_353' title='bbox 912 2596 1017 2637; x_wconf 88' lang='lat' dir='ltr'>culpa</span> <span class='ocrx_word' id='word_1_354' title='bbox 1049 2595 1301 2631; x_wconf 77' lang='lat' dir='ltr'>existimemus,</span> <span class='ocrx_word' id='word_1_355' title='bbox 1340 2593 1458 2625; x_wconf 89' lang='lat' dir='ltr'>locum</span> <span class='ocrx_word' id='word_1_356' title='bbox 1492 2593 1621 2625; x_wconf 81' lang='lat' dir='ltr'>frustra</span> 
     </span>
     <span class='ocr_line' id='line_1_37' title="bbox 205 2651 1619 2697; baseline 0.001 -15"><span class='ocrx_word' id='word_1_357' title='bbox 205 2652 494 2695; x_wconf 79' lang='lat' dir='ltr'>circumspexeris</span> <span class='ocrx_word' id='word_1_358' title='bbox 541 2653 546 2694; x_wconf 73' lang='grc'>1</span> <span class='ocrx_word' id='word_1_359' title='bbox 596 2654 639 2686; x_wconf 88' lang='grc'>15</span> <span class='ocrx_word' id='word_1_360' title='bbox 659 2664 710 2696; x_wconf 91' lang='lat' dir='ltr'>sq.</span> <span class='ocrx_word' id='word_1_361' title='bbox 739 2654 782 2686; x_wconf 89' lang='lat' dir='ltr'>ef.</span> <span class='ocrx_word' id='word_1_362' title='bbox 804 2654 908 2685; x_wconf 81' lang='lat' dir='ltr'>Plato</span> <span class='ocrx_word' id='word_1_363' title='bbox 936 2655 986 2686; x_wconf 86' lang='lat' dir='ltr'>rei</span> <span class='ocrx_word' id='word_1_364' title='bbox 1011 2665 1044 2697; x_wconf 90' lang='lat' dir='ltr'>p.</span> <span class='ocrx_word' id='word_1_365' title='bbox 1070 2662 1084 2686; x_wconf 83' lang='lat'>1</span> <span class='ocrx_word' id='word_1_366' title='bbox 1110 2665 1142 2696; x_wconf 92' lang='lat' dir='ltr'>p.</span> <span class='ocrx_word' id='word_1_367' title='bbox 1167 2651 1254 2687; x_wconf 67' lang='lat'>351⁰</span> <span class='ocrx_word' id='word_1_368' title='bbox 1281 2652 1304 2694; x_wconf 87' lang='grc' dir='ltr'>ἡ</span> <span class='ocrx_word' id='word_1_369' title='bbox 1332 2652 1372 2686; x_wconf 79' lang='grc' dir='ltr'>δὲ</span> <span class='ocrx_word' id='word_1_370' title='bbox 1400 2651 1619 2694; x_wconf 76' lang='grc' dir='ltr'>δικαιοσύνη</span> 
     </span>
     <span class='ocr_line' id='line_1_38' title="bbox 204 2708 1620 2756; baseline -0.002 -12"><span class='ocrx_word' id='word_1_371' title='bbox 204 2711 385 2750; x_wconf 84' lang='grc' dir='ltr'>ὁμόνοιαν</span> <span class='ocrx_word' id='word_1_372' title='bbox 405 2712 464 2745; x_wconf 81' lang='grc' dir='ltr'>καί</span> <span class='ocrx_word' id='word_1_373' title='bbox 483 2711 610 2754; x_wconf 81' lang='grc' dir='ltr'>φιλίαν</span> <span class='ocrx_word' id='word_1_374' title='bbox 626 2711 811 2755; x_wconf 83' lang='grc' dir='ltr'>(παρέχει)</span> <span class='ocrx_word' id='word_1_375' title='bbox 847 2712 852 2755; x_wconf 72' lang='lat' dir='ltr'>l</span> <span class='ocrx_word' id='word_1_376' title='bbox 887 2713 932 2745; x_wconf 81' lang='lat'>23</span> <span class='ocrx_word' id='word_1_377' title='bbox 948 2723 1000 2756; x_wconf 89' lang='lat' dir='ltr'>sq.</span> <span class='ocrx_word' id='word_1_378' title='bbox 1019 2712 1064 2746; x_wconf 82' lang='lat' dir='ltr'>cf.</span> <span class='ocrx_word' id='word_1_379' title='bbox 1078 2712 1145 2755; x_wconf 89' lang='lat' dir='ltr'>Ep.</span> <span class='ocrx_word' id='word_1_380' title='bbox 1161 2717 1250 2744; x_wconf 90' lang='lat' dir='ltr'>sent.</span> <span class='ocrx_word' id='word_1_381' title='bbox 1266 2718 1381 2744; x_wconf 76' lang='lat' dir='ltr'>xxva</span> <span class='ocrx_word' id='word_1_382' title='bbox 1393 2721 1446 2753; x_wconf 86' lang='lat' dir='ltr'>sq.</span> <span class='ocrx_word' id='word_1_383' title='bbox 1465 2717 1594 2742; x_wconf 78' lang='lat' dir='ltr'>xxxtx</span> <span class='ocrx_word' id='word_1_384' title='bbox 1616 2708 1620 2754; x_wconf 64' lang='grc' dir='ltr'><strong>ἶ</strong></span> 
     </span>
     <span class='ocr_line' id='line_1_39' title="bbox 204 2769 965 2811; baseline 0.001 -10"><span class='ocrx_word' id='word_1_385' title='bbox 204 2769 251 2802; x_wconf 80' lang='lat'>24</span> <span class='ocrx_word' id='word_1_386' title='bbox 277 2772 497 2811; x_wconf 81' lang='lat' dir='ltr'>uoluptatem</span> <span class='ocrx_word' id='word_1_387' title='bbox 522 2770 622 2803; x_wconf 88' lang='lat' dir='ltr'>libri:</span> <span class='ocrx_word' id='word_1_388' title='bbox 650 2781 737 2804; x_wconf 90' lang='lat' dir='ltr'>corr.</span> <span class='ocrx_word' id='word_1_389' title='bbox 765 2771 965 2803; x_wconf 86' lang='lat' dir='ltr'>Muellerus</span> 
     </span>
    </p>
   </div>
   <div class='ocr_carea' id='block_1_5' title="bbox 1649 601 1738 647">
    <p class='ocr_par' dir='ltr' id='par_1_5' title="bbox 1649 601 1738 647">
     <span class='ocr_line' id='line_1_40' title="bbox 1649 601 1738 647; baseline -0.011 0"><span class='ocrx_word' id='word_1_390' title='bbox 1649 614 1710 647; x_wconf 66' lang='grc' dir='ltr'>(ενι)</span> <span class='ocrx_word' id='word_1_391' title='bbox 1734 601 1738 604; x_wconf 81' lang='grc'><strong>’</strong></span> 
     </span>
    </p>
   </div>
   <div class='ocr_carea' id='block_1_6' title="bbox 1645 939 1708 1033">
    <p class='ocr_par' dir='ltr' id='par_1_6' title="bbox 1645 939 1708 1033">
     <span class='ocr_line' id='line_1_41' title="bbox 1647 939 1679 962; baseline -0.063 0"><span class='ocrx_word' id='word_1_392' title='bbox 1647 939 1679 962; x_wconf 85' lang='grc' dir='ltr'>ιο</span> 
     </span>
     <span class='ocr_line' id='line_1_42' title="bbox 1645 1000 1708 1033; baseline -0.016 0"><span class='ocrx_word' id='word_1_393' title='bbox 1645 1000 1708 1033; x_wconf 82' lang='grc'>(5·2)</span> 
     </span>
    </p>
   </div>
   <div class='ocr_carea' id='block_1_7' title="bbox 1645 1260 1677 1286">
    <p class='ocr_par' dir='ltr' id='par_1_7' title="bbox 1645 1260 1677 1286">
     <span class='ocr_line' id='line_1_43' title="bbox 1645 1260 1677 1286; baseline 0.063 -2"><span class='ocrx_word' id='word_1_394' title='bbox 1645 1260 1677 1286; x_wconf 81' lang='grc'>15</span> 
     </span>
    </p>
   </div>
   <div class='ocr_carea' id='block_1_8' title="bbox 1645 1385 1708 1418">
    <p class='ocr_par' dir='ltr' id='par_1_8' title="bbox 1645 1385 1708 1418">
     <span class='ocr_line' id='line_1_44' title="bbox 1645 1385 1708 1418; baseline 0.016 -1"><span class='ocrx_word' id='word_1_395' title='bbox 1645 1385 1708 1418; x_wconf 78' lang='lat'><strong>(⁵³)</strong></span> 
     </span>
    </p>
   </div>
   <div class='ocr_carea' id='block_1_9' title="bbox 1645 1583 1678 1606">
    <p class='ocr_par' dir='ltr' id='par_1_9' title="bbox 1645 1583 1678 1606">
     <span class='ocr_line' id='line_1_45' title="bbox 1645 1583 1678 1606; baseline 0 -1"><span class='ocrx_word' id='word_1_396' title='bbox 1645 1583 1678 1606; x_wconf 77' lang='lat'>‘20</span> 
     </span>
    </p>
   </div>
   <div class='ocr_carea' id='block_1_10' title="bbox 1645 1907 1678 1933">
    <p class='ocr_par' dir='ltr' id='par_1_10' title="bbox 1645 1907 1678 1933">
     <span class='ocr_line' id='line_1_46' title="bbox 1645 1907 1678 1933; baseline 0.061 -2"><span class='ocrx_word' id='word_1_397' title='bbox 1645 1907 1678 1933; x_wconf 76' lang='lat'>25</span> 
     </span>
    </p>
   </div>
   <div class='ocr_carea' id='block_1_11' title="bbox 1646 2097 1707 2131">
    <p class='ocr_par' dir='ltr' id='par_1_11' title="bbox 1646 2097 1707 2131">
     <span class='ocr_line' id='line_1_47' title="bbox 1646 2097 1707 2131; baseline -0.033 0"><span class='ocrx_word' id='word_1_398' title='bbox 1646 2097 1707 2131; x_wconf 76' lang='lat'>(54)</span> 
     </span>
    </p>
   </div>
  </div>
 </body>
</html>
