1842 3250
613 233 724 266 EPIC
731 233 818 265 VRI
845 231 1102 264 CANONICA
1503 229 1544 262 18
1551 229 1571 259 3

159 349 462 384 omnprononvs
479 348 517 382 in
535 347 626 382 Plat.
645 347 780 380 Phaed.
799 358 832 390 p.
849 346 905 385 80,
922 347 938 379 1
960 345 1109 379 Finckh.
1137 344 1171 379 οἳ
1196 345 1264 387 μὲν
1289 345 1356 386 τὰς
1382 343 1572 386 αἰσθήσεις

159 415 319 457 ἀκριβεῖς
350 412 445 449 εἶναί
471 421 564 455 φασι
591 411 686 455 πρὸς
711 410 890 454 ἀλήθειαν
917 438 924 445 .
946 438 951 444 .
974 438 980 444 .
1001 437 1009 445 .
1035 409 1307 453 Πρωταγόρας,
1344 408 1570 452 Ἐπίκουρος

159 477 300 513 CICERO
327 477 472 511 Luculli
498 477 556 516 26,
581 477 627 510 82
669 475 751 509 ‘sed
780 475 825 508 ab
851 476 920 508 hoc
947 475 1107 513 credulo,
1140 475 1200 517 qui
1229 484 1418 516 numquam
1446 484 1571 506 sensus

158 542 299 576 mentiri
324 546 435 586 putat,
462 540 717 574 discedamus&

118 615 135 640 5
158 605 460 642 TERTVLLmNVS
488 606 534 637 de
561 606 678 638 anima
706 605 748 638 17
792 604 977 647 ‘Epicurei
1008 604 1230 636 coustantius
1258 613 1378 648 parem
1405 602 1571 635 omnibus

160 677 265 715 atque
291 676 498 715 perpetuam
523 669 721 702 defendunt
750 669 948 707 ueritatem,
978 669 1041 701 sed
1069 667 1139 700 alia
1166 668 1233 701 uia.
1275 678 1346 700 non
1375 667 1467 699 enim
1495 677 1572 699 sen-

160 746 236 770 sum
261 736 414 773 mentiri,
442 735 507 767 sed
533 734 756 777 opinionem:
797 744 938 767 sensum
967 733 1060 767 enim
1086 733 1172 776 pati,
1210 743 1282 765 non
1309 732 1459 776 opinari.
1502 732 1572 764 ani-

159 812 248 834 mam
283 801 376 833 enim
407 799 555 844 opinari.
610 799 856 832 Absciderunt
886 803 920 831 et
945 798 1151 842 opinionem
1178 809 1198 829 a
1224 807 1331 829 sensu
1363 801 1398 829 et
1431 807 1572 829 sensum

160 866 204 898 ab
232 866 357 897 anima.
401 870 436 896 et
460 864 554 898 unde
581 862 715 906 opinio,
749 863 777 894 si
806 873 877 895 uon
904 873 923 894 a
949 862 1080 895 sensu?
1117 862 1272 904 deniqne
1298 862 1366 894 nisi
1394 861 1491 893 uisus
1518 872 1573 893 ro—

103 939 136 964 10
159 931 306 964 tundam
332 929 484 962 senserit
510 934 653 967 turrem,
693 927 790 960 nulia
818 926 1207 983 opinioomtundizutis.
1251 931 1287 958 et
1310 927 1406 959 unde
1433 935 1570 963 sensus,

161 995 190 1028 si
216 1006 288 1028 non
314 994 359 1026 ab
384 992 541 1027 anima?’

162 1059 406 1093 AVGVS'HNVS
433 1059 477 1091 de
504 1058 648 1090 ciuitate
675 1057 734 1089 dei
763 1063 829 1089 vm
850 1057 870 1089 7
898 1056 1012 1088 ‘absit
1040 1060 1076 1087 ut
1103 1055 1159 1087 his
1186 1055 1418 1096 (Platonicis)
1446 1064 1573 1097 conpa-

162 1123 261 1156 randi
291 1123 490 1160 uideantur,
531 1123 590 1164 qui
616 1126 815 1166 posuerunt
849 1121 1018 1153 iudicium
1053 1120 1212 1152 ueritatis
1240 1119 1274 1151 in
1306 1119 1471 1151 sensibus
1498 1129 1573 1151 cor-

160 1190 256 1233 poris
284 1197 477 1231 eorumque
510 1187 629 1220 infidi„
659 1191 694 1218 et
720 1185 910 1218 sanambus
946 1185 1079 1225 regulis
1116 1186 1234 1216 omnia
1266 1194 1356 1226 quae
1390 1184 1574 1215 discuntur

105 1262 137 1288 ιδ
162 1253 338 1285 metienda
363 1262 442 1285 esse
469 1256 693 1290 censuerunt,
722 1256 758 1283 ιιι
783 1251 952 1294 Epicurei
980 1257 1012 1283 et
1040 1251 1254 1292 quicumque
1282 1249 1344 1281 alii
1370 1248 1488 1282 tales‘.

159 1318 256 1350 idem
290 1318 334 1349 ad
365 1317 581 1349 Dioscorum
617 1316 720 1359 epist.
748 1323 871 1348 cxvm
898 1315 944 1348 29
971 1314 1009 1356 (t.
1035 1323 1063 1347 Π
1093 1313 1233 1357 123361*
1261 1314 1316 1346 ed.
1347 1314 1436 1346 Ven.
1467 1313 1574 1356 1719)

160 1382 259 1415 ‘cum
284 1392 370 1423 ergo
396 1381 565 1424 Epicurei
593 1391 780 1423 numquam
809 1390 934 1412 sensus
962 1379 1122 1422 eorporis
1152 1379 1227 1410 fani
1256 1379 1425 1412 dicerent.
1461 1377 1573 1410 Stoici

119 1492 122 1498 Ι
159 1451 277 1480 antem
304 1445 382 1478 salli
408 1445 602 1489 aliquando
629 1445 877 1484 concederent,
920 1443 1060 1487 utrique
1094 1453 1209 1475 umen
1243 1442 1401 1483 regulam
1429 1452 1575 1485 conpre—

161 1511 373 1545 hendendae
399 1511 560 1543 ueritatis
587 1510 624 1542 in
653 1510 819 1542 sensibus
844 1515 1029 1552 ponerent,
1065 1508 1144 1550 quis
1171 1507 1249 1539 istis
1277 1511 1401 1539 contra
1426 1507 1574 1538 dicemi-

103 1585 138 1611 20
160 1577 227 1608 bus
255 1575 394 1607 audiret
419 1573 671 1607 Platonicos?

159 1640 326 1674 lomnes
355 1637 514 1673 Slcvnvs
547 1639 592 1671 ad
621 1639 885 1680 Hermogenem
914 1637 1022 1671 Rhet.
1050 1637 1187 1669 Walzii
1214 1643 1237 1669 t.
1258 1644 1298 1670 v1
1324 1648 1356 1679 p.
1377 1635 1434 1674 88,
1454 1636 1501 1669 24
1539 1638 1575 1669 οὶ

160 1705 266 1746 λόγοι
291 1705 369 1738 τῶν
396 1703 467 1745 τὴν
493 1702 668 1745 αἴσθησιν
699 1701 887 1744 οἰομένων
921 1701 1111 1745 κριτήριον
1148 1701 1312 1741 ἀπλανὲς
1345 1700 1397 1742 εἰς
1423 1699 1573 1743 ἐπιστή-

160 1779 233 1812 μην
260 1768 283 1811 ἢ
311 1767 415 1809 τινὸς
439 1765 659 1810 ἐπιστήμης,
699 1766 734 1801 οἳ
760 1770 839 1808 τοῖς
865 1768 1014 1801 ἑαυτῶν
1048 1768 1175 1806 κακοῖς
1208 1767 1423 1808 βοηθοῦσιν,
1461 1766 1575 1799 ὁποῖα

161 1834 221 1867 καὶ
247 1833 267 1867 ὁ
294 1831 520 1875 Ἐπίκουρος.

66 1915 135 1949 248
281 1915 426 1948 AETlvs
455 1922 491 1946 [V
517 1914 551 1952 9,
572 1915 592 1946 ὃ
619 1925 653 1957 p.
676 1913 744 1947 396
763 1913 875 1946 Diels.
906 1912 1099 1955 (Plutarch.
1127 1920 1162 1946 lv
1184 1912 1205 1945 9
1232 1911 1363 1945 Parall.
1381 1912 1418 1943 A
1437 1911 1493 1949 27,
1512 1910 1576 1954 27)

105 1990 137 2016 ‘26
161 1978 377 2025 Ἐπίκουρος
409 1981 535 2013 πᾶσαν
569 1978 742 2021 αἴσθησιν
770 1978 831 2012 καὶ
856 1979 982 2011 πᾶσαν
1009 1976 1225 2019 φαντασίαν
1257 1975 1390 2019 ἀληθῆ,
1428 1977 1507 2009 τῶν
1534 1975 1575 2009 δὲ

160 2045 283 2079 δοξῶν
308 2043 376 2085 τὰς
403 2043 470 2085 μὲν
497 2042 648 2086 ἀληθεῖς
673 2042 749 2083 τὰς
767 2042 807 2076 δὲ
835 2042 996 2084 ψευδεῖς.
1026 2039 1102 2085 [καὶ
1129 2041 1152 2083 ἡ
1179 2041 1246 2082 μὲν
1273 2039 1443 2083 αἴσθησις
1461 2049 1575 2083 μονα-

161 2111 237 2152 χῶς
269 2108 554 2152 ψευδοποιεῖται
591 2108 687 2142 κατὰ
719 2108 851 2150 νοητά,
893 2107 915 2149 ἡ
949 2107 988 2140 δὲ
1019 2105 1211 2149 φαντασία
1243 2106 1357 2148 διχῶς
1382 2102 1575 2149 [νοεῖται]-

163 2175 222 2208 καὶ
248 2173 322 2216 γὰρ
347 2171 540 2217 αἰσθητῶν
566 2173 646 2208 ἐστι
673 2171 864 2216 φαντασία
892 2173 952 2205 καὶ
977 2169 1158 2215 νοητῶν.’]

67 2257 138 2291 249
283 2255 433 2289 Ammvs
461 2262 505 2288 lv
531 2254 566 2293 8,
585 2253 607 2288 2
633 2266 667 2298 p.
687 2253 757 2288 394
776 2254 820 2287 D.
849 2253 959 2296 (Plut.
989 2261 1032 2286 IV
1059 2253 1081 2287 8
1106 2251 1238 2286 Parall.
1266 2253 1302 2285 A
1327 2251 1386 2291 27,
1403 2249 1442 2295 9)
1481 2249 1575 2285 Ἐπί-

107 2331 137 2357 31
163 2328 317 2363 κουρος·
359 2319 405 2354 τό
432 2318 517 2362 <τε>
547 2319 678 2362 μόριόν
703 2319 805 2353 ἐστιν
832 2318 854 2361 ἡ
882 2317 1064 2360 αἴσθησις,
1098 2317 1121 2359 ἥ
1148 2327 1204 2358 τις
1229 2317 1332 2352 ἐστὶν
1358 2317 1381 2359 ἡ
1410 2316 1574 2358 δύναμις,

163 2386 224 2419 καί
247 2384 292 2419 τὸ
319 2383 544 2428 ἐπαίσθημα,
571 2384 591 2418 ὅ
615 2393 686 2427 περ
713 2383 791 2418 ἐστὶ
817 2382 861 2417 τὸ
889 2382 1086 2425 ἐνέργημα.
1114 2381 1209 2423 ὥςτε
1236 2382 1347 2424 διχῶς
1365 2382 1454 2424 παρ’
1471 2381 1575 2424 αὐτῷ

163 2437 337 2493 λέγεσθαι
363 2448 536 2492 αἴσθησιν
564 2449 632 2491 μὲν
656 2449 727 2490 τὴν
756 2447 924 2490 δύναμιν,
952 2446 1125 2489 αἴσθησιν
1152 2446 1193 2481 δὲ
1219 2446 1264 2480 τὸ
1291 2445 1487 2489 ἐνέργημα.

69 2530 140 2565 250
283 2529 541 2566 ΡιντΑιιοιινε
567 2531 648 2563 adu.
676 2530 829 2562 Coloten
857 2530 878 2562 4
898 2540 949 2571 sq.
976 2539 1007 2571 p.
1031 2527 1140 2562 1109·
1169 2529 1189 2562 ὁ
1209 2527 1241 2562 δ’
1261 2528 1331 2562 οὖν
1358 2526 1576 2570 (Κωλώτης)

284 2657 330 2691 27
362 2657 423 2691 καὶ
449 2657 474 2699 ἡ
501 2658 576 2691 κτλ.
610 2656 787 2700 pertinent
813 2655 856 2687 ad
883 2655 1025 2687 Stoicos
1058 2653 1082 2688 l.
1110 2665 1138 2687 s,
1170 2651 1228 2698 §4
1291 2653 1298 2696 Ι
1359 2652 1405 2687 28
1435 2654 1576 2686 νοεῖται

164 2727 223 2750 om
248 2715 461 2750 Plutarchus
502 2714 519 2759 u
560 2714 607 2748 32
633 2714 654 2749 ὅ
680 2712 765 2758 περ]
793 2713 882 2748 ὅθεν
906 2712 991 2746 libri
1017 2711 1223 2745 Plutarchei
1269 2711 1276 2756 ι
1324 2712 1367 2744 33
1395 2709 1577 2754 αἰσθητὸν

165 2774 207 2810 δὲ
231 2772 316 2808 libri
