1842 3250
307 253 379 289 404

312 368 454 401 Philcd.
473 365 562 401 VH2
588 376 602 401 1
627 367 692 402 145
719 368 895 410 ὁμολογῶ
913 368 985 404 τοί·

312 414 423 460 [νυ]ν,
457 416 508 458 ὡς
535 417 595 450 καὶ
621 416 702 450 κατ’
730 415 847 459 ἀρχὰς
873 416 984 460 ἔφην,

306 463 353 497 τὸ
389 466 470 497 τῶν
507 462 847 507 [δο]γματιζόντων
879 464 985 504 τινὰς

304 507 575 553 Ἐπικουρείων
618 511 739 545 πολλὰ
784 512 850 553 μὲν
894 520 984 553 συμ-

308 558 460 601 φορητὰ
488 560 549 592 καί
575 559 697 600 λέγειν
723 560 784 593 καὶ
809 558 984 602 γράφειν,

307 606 428 641 πολλὰ
455 606 485 639 δ’
511 607 576 641 αὐτ
586 609 642 640 ῶν
670 605 757 640 ἰδίαι
781 609 862 648 τοῖς
887 606 983 640 κατὰ

307 654 378 695 τὴν
429 653 690 696 πραγματείαν
747 654 984 697 ἀσύμφωνα,

309 699 423 744 [τ’Ῑινὰ
464 701 495 734 δ’
537 702 679 736 ἐκεῖθεν
715 701 984 744 ἑσπαραγμένα

307 749 509 791 φλοιωδῶς
536 751 594 783 καὶ
620 750 765 790 ταχέως
783 750 896 792 χωρὶς
915 759 981 782 ω’.

308 807 378 838 quo
406 797 512 828 modo
540 798 711 829 aduersus
746 802 880 829 ceteros
906 797 984 839 phi-

306 844 482 886 losophos
508 855 665 886 pugnare
689 844 786 876 soliti
804 845 884 887 sint,
902 844 983 877 Plu-

309 891 449 924 tarchus
476 891 570 923 Iibro
599 892 680 925 adu.
700 891 852 923 Coloten
877 892 985 924 docet

309 940 351 972 es.
385 939 458 972 Cic.
497 940 540 971 de
576 945 646 972 nat.
675 940 773 973 deor.
801 947 826 972 Π
854 939 911 982 29,
940 939 984 973 73

308 987 443 1019 'uestra
463 987 556 1019 enim
585 986 697 1019 solum
717 986 848 1030 legitis,
868 992 985 1019 uestra

307 1035 439 1073 amatis,
473 1039 608 1067 ceteros
644 1044 769 1066 caussa
803 1034 986 1075 incognita

313 1082 512 1115 damnatis'.
540 1082 701 1114 Clemens
728 1082 786 1114 Al.
815 1089 935 1115 strom.
961 1091 983 1114 v

309 1129 330 1163 9
360 1141 395 1172 p.
424 1128 505 1168 245,
531 1129 578 1162 40
617 1129 711 1163 ἀλλὰ·
739 1130 800 1163 καὶ
832 1128 867 1163 οἱ
887 1128 983 1163 Ἔπι-

310 1176 475 1220 κούρειοί
501 1176 597 1220 φασί
623 1187 708 1211 τινα
734 1177 794 1211 καὶ
813 1176 900 1219 παρ’
921 1176 984 1210 αὐ-

308 1228 388 1266 τοῖς
415 1224 617 1268 ἀπόρρητα
647 1225 743 1259 εἶναι
771 1225 899 1267 καὶμὴ
918 1226 985 1258 πᾶ·

310 1282 369 1307 σιν
396 1272 610 1316 ἐπιτρέπειν
628 1271 872 1315 ἐντυγχάνειν
897 1271 984 1305 τού-

309 1331 389 1362 τοις
413 1324 494 1361 τοῖς
513 1320 729 1363 γράμμασιν
747 1320 877 1363 (qualis
894 1321 985 1352 Stoi-

315 1370 363 1401 cis
383 1369 457 1401 Res
477 1369 618 1410 publica
635 1368 788 1400 Zenonis
805 1369 882 1405 fuit,
900 1368 985 1410 Epi-

311 1417 422 1449 eureis
462 1416 542 1448 fort.
582 1415 672 1448 liber
712 1416 868 1457 magistri
901 1416 986 1458 περὶ

309 1465 464 1505 τέλους).
494 1463 637 1496 Philod.
656 1473 695 1497 π.
716 1471 804 1506 σημ.
825 1473 856 1496 c.
873 1461 986 1502 3833

309 1512 357 1546 τὰ
384 1511 562 1555 εἰρημένα
587 1515 668 1552 τοῖς
692 1510 890 1554 ἡμετέροις
916 1510 984 1553 ’7,7

310 1559 362 1604 [οἱ
394 1559 499 1603 πα]ρ’
531 1558 643 1601 ἡμῶν
669 1556 760 1590 VH2
797 1566 823 1591 Π
852 1557 919 1592 183
952 1557 983 1592 εἰ

311 1608 378 1650 μέν
406 1606 528 1650 moue
558 1608 642 1649 περὶ
668 1606 738 1639 τὸν
760 1605 983 1649 Ἐπίκουρον

313 1653 604 1699 [ήιν]ίττο[ντ]ο,
624 1653 909 1697 φ[λ]υαρο[ὓσιν
927 1652 983 1686 1v2

312 1703 357 1737 73
383 1703 465 1745 (Ox.
489 1710 520 1735 ιι
539 1701 602 1742 81)
630 1707 664 1734 et
692 1701 736 1736 78
762 1703 844 1744 (Ox.
874 1701 982 1743 1186)

311 1753 389 1784 τῶν
402 1751 487 1793 περὶ
497 1749 792 1792 τὸνἘπίκουρον
806 1749 848 1783 cf.
857 1748 983 1790 Smin)

355 1809 621 1853 Ἐπίκουρος
665 1808 872 1849 Νεοκλέους
925 1809 984 1842 καὶ

312 1856 601 1901 Χαιρεστράτης,
645 1855 856 1900 Ἀθηναῖος,
906 1858 985 1890 τῶν

312 1904 443 1947 δήμων
470 1905 706 1948 Γαργήττιος,
745 1904 881 1946 γένους
915 1906 984 1937 τοῦ

311 1955 390 1987 τῶν
416 1953 606 1987 Φιλαϊδῶν
630 1951 712 1990 359,
734 1951 756 1985 2
783 1952 826 1984 cf.
854 1950 935 1994 373,
963 1951 985 1984 8

313 2000 410 2035 κατὰ
440 2000 684 2043 Δημόκριτον
718 1998 986 2042 φιλοσοφήσας

314 2048 455 2081 additur
483 2049 562 2090 191,
588 2049 620 2082 8.
664 2048 738 2080 eius
771 2048 877 2079 uitam
911 2046 986 2079 atti-

315 2101 441 2137 gerunt
467 2097 535 2129 iam
564 2095 771 2128 Herodotus
797 2094 880 2133 361,
904 2094 926 2128 2
953 2098 987 2126 et

314 2144 539 2176 Metrodorus
564 2142 646 2181 359,
673 2144 707 2177 3.
740 2142 822 2182 368,
848 2141 892 2176 15
917 2152 987 2174 ma-

313 2192 409 2233 ligne
416 2192 624 2235 perstrinxit
632 2191 850 2223 Timocrates
859 2188 940 2228 361,
953 2188 986 2223 2.

315 2238 398 2282 362,
423 2238 446 2272 4
471 2239 685 2271 Theodorus
712 2237 794 2277 361,
824 2236 868 2271 15
901 2237 988 2269 Dio-

315 2287 419 2318 timus
433 2286 573 2319 Stoicus
589 2285 765 2329 ceterique
778 2284 861 2328 360,
879 2284 923 2319 13
934 2295 986 2328 sq.

315 2334 505 2377 memorati,
533 2335 752 2376 scripserunt
782 2332 988 2377 Apollodo-

315 2391 374 2413 rus
387 2382 455 2424 Ep.
470 2382 690 2424 Hermippus
709 2379 912 2422 Antigonus
929 2378 987 2424 (ex

316 2428 424 2469 coni.)
451 2429 575 2461 Sotion
609 2429 757 2470 eiusque
789 2428 989 2471 conpilator

316 2476 531 2509 Heraclides
551 2477 799 2519 Apollodorus
823 2476 859 2508 in
886 2475 988 2508 chro-

316 2524 406 2557 nicis
420 2525 633 2557 ‘Demetrius
653 2525 803 2564 Magnes
825 2523 987 2566 Diocles,

316 2571 477 2605 defendit
500 2572 731 2604 Philodemus
758 2582 836 2604 cum
863 2580 900 2605 π.
928 2570 987 2605 εὖ·

316 2621 394 2661 σεβ.
420 2631 454 2663 p.
469 2618 516 2653 93
530 2629 608 2662 sqq.
631 2620 760 2661 Gomp.
787 2624 860 2651 tum
886 2618 988 2651 libris

316 2667 401 2710 περὶ
428 2667 650 2710 Ἐπικούρου
686 2666 839 2709 aliisque
877 2676 896 2698 a
928 2666 987 2699 W.

317 2714 454 2748 Scottio
472 2715 549 2748 Frr.
571 2715 680 2748 Herc.
695 2725 729 2756 p.
747 2713 890 2747 65-(58
908 2723 989 2745 con-

316 2762 454 2804 positis,
479 2773 629 2805 quorum
650 2771 815 2794 summam
830 2761 989 2793 Laertius

317 2809 421 2852 Diog.
447 2811 555 2843 refert
580 2808 664 2854 364»,
684 2808 834 2848 1—365‚
855 2808 886 2843 7.
935 2809 990 2840 De

797 254 960 287 INDEX
985 254 1233 288 NOMINVM

1055 369 1272 412 temporibus
1306 368 1450 412 Epicuri
1488 373 1621 401 tantum
1657 369 1729 401 fere

1055 421 1206 449 constat:

1078 476 1108 497 a.
1131 463 1198 497 341
1226 463 1366 495 ineunte
1400 463 1460 496 ἐπὶ
1492 462 1728 505 Σωσιγένους

1127 757 1196 792 327

1129 1042 1198 1077 323

1128 1329 1200 1363 322

1129 1519 1199 1553 310

1127 1995 1197 2031 306

1225 509 1409 554 ἄρχοντος
1450 511 1569 553 μηνὸς
1614 521 1726 554 γαμη-

1223 559 1359 598 λιῶνος
1392 557 1531 601 ἑβδόμῃ
1568 556 1677 598 (diem
1702 568 1729 592 x

1224 606 1311 637 dicit
1336 607 1403 648 Ep.
1430 610 1563 639 testam.
1591 605 1671 650 166,
1689 605 1728 649 7)

1222 658 1324 685 natus
1367 658 1421 685 est
1460 652 1572 695 (Sami
1611 653 1654 687 ef.
1693 664 1726 687 ιι.

1226 699 1408 743 Νεοκλῆς)
1423 700 1505 738 366,
1519 700 1575 734 16.
1590 700 1673 738 373,
1685 700 1728 734 15)

1224 759 1290 800 ἔτη
1323 759 1493 800 γεγονὼς
1525 760 1560 793 ιδ
1587 759 1631 790 ad
1655 759 1729 802 phi-

1224 806 1422 849 losophiam
1455 807 1625 838 accedere
1650 817 1728 838 coe·

1224 852 1284 896 pit,
1305 858 1342 886 ut
1354 853 1431 897 ipse
1450 857 1599 886 testatur
1619 853 1640 886 f.
1659 852 1728 888 179

1224 900 1321 943 (359,
1340 901 1394 934 13.
1414 912 1526 933 annos
1540 911 1598 935 ΧΠ
1615 905 1727 940 natus,

1225 954 1262 980 ut
1280 949 1484 990 Antigonus
1511 949 1593 991 366,
1613 948 1658 982 13
1685 946 1727 982 cf.

1224 996 1304 1036 373,
1327 995 1385 1039 10)

1227 1044 1351 1075 studiis
1405 1043 1499 1076 Sami
1554 1044 1727 1077 inchoatis

1225 1091 1437 1123 adulescens
1477 1098 1580 1124 xvln
1623 1102 1730 1123 anno·

1227 1150 1301 1170 rum
1321 1139 1483 1171 Athenas
1510 1150 1548 1171 se
1567 1139 1728 1177 eontulit,

1225 1197 1302 1218 cum
1331 1187 1533 1219 academiae
1546 1188 1728 1219 Xenocra-

1224 1239 1279 1266 tes
1304 1241 1494 1276 praeesset.
1519 1234 1727 1267 Aristoteles

1225 1281 1397 1314 Chalcide
1425 1287 1544 1322 ageret
1569 1281 1652 1319 359.
1670 1282 1692 1315 6

1227 1337 1312 1362 extr.
1341 1330 1479 1361 colonis
1503 1329 1726 1361 Atheniensi-

1225 1378 1292 1410 bus
1311 1377 1416 1408 Samo
1442 1388 1461 1408 a
1475 1377 1646 1409 Perdicca.
1669 1388 1726 1408 ex-

1225 1425 1333 1467 pulsis
1346 1425 1388 1456 ad
1403 1430 1537 1466 patrem
1548 1424 1726 1468 Colopho-

1226 1483 1305 1504 nem
1331 1482 1489 1504 reuersus
1516 1473 1569 1504 est
1596 1471 1677 1511 359,
1705 1471 1726 1505 9

1224 1520 1488 1562 philosophiam
1504 1519 1634 1551 docere
1648 1530 1725 1553 coe-

1222 1568 1272 1610 pit
1305 1577 1416 1601 xxxu
1448 1577 1577 1599 annum
1618 1578 1727 1609 agens

1222 1614 1303 1653 366,
1324 1615 1378 1648 14.
1402 1614 1456 1649 18.
1484 1614 1565 1652 373,
1590 1614 1632 1649 12
1658 1615 1725 1658 pri-

1223 1673 1317 1695 mum
1382 1662 1580 1705 Mytilenae
1644 1663 1726 1694 dein

1223 1712 1407 1753 Lampsaci
1436 1710 1490 1750 (ef.
1506 1710 1637 1742 Strabo
1652 1719 1726 1744 xm

1222 1769 1256 1801 p.
1281 1757 1352 1792 589
1392 1768 1425 1791 u.
1462 1756 1727 1800 Λαμψακηνοί)

1223 1806 1283 1839 ἐπὶ
1320 1805 1386 1848 ἔτη
1421 1805 1532 1839 πέντε
1573 1805 1654 1843 366,
1684 1805 1727 1839 19

1223 1853 1265 1886 cf.
1280 1852 1360 1892 359,
1376 1853 1421 1886 10
1435 1853 1574 1896 χρόνον
1589 1852 1628 1887 δὲ
1642 1863 1727 1887 τινα

1224 1900 1474 1943 διατρίψαντα
1500 1901 1633 1934 αὐτόθι
1656 1901 1679 1934 i.
1695 1910 1726 1934 e.

1222 1949 1256 1980 in
1282 1949 1383 1990 Asia,
1415 1959 1487 1980 non
1515 1948 1727 1990 Colophone

1224 1996 1284 2030 ἐπὶ
1303 1995 1590 2040 Ἀναξικράτους
1604 1995 1726 2033 (3.307

1224 2044 1307 2086 -6)
1331 2044 1493 2076 Athenas
1518 2044 1621 2075 rediit
1647 2054 1726 2076 cum

1225 2091 1407 2134 discipulis
1432 2090 1515 2134 359,
1536 2091 1581 2124 10
1607 2091 1727 2134 ibique

1225 2150 1307 2171 mox
1333 2138 1490 2172 scholam
1517 2138 1654 2182 aperuit

1128 2185 1287 2231 300s299
1314 2185 1391 2231 [ἐφ’
1424 2183 1653 2230 “Ηγ]εμάχου
1687 2185 1728 2218 Ιί-

1226 2235 1328 2267 brum
1367 2234 1452 2277 περὶ
1489 2234 1643 2276 φύσεως
1676 2242 1727 2268 xv

1225 2282 1363 2325 scripsit
1391 2281 1470 2320 128,
1492 2280 1536 2315 18

1129 2328 1240 2375 29615
1265 2330 1326 2364 ἐπὶ
1361 2328 1489 2364 Νικίου
1522 2328 1651 2361 librum
1687 2339 1726 2362 π.

1131 2472 1200 2508 294

1227 2378 1383 2420 φύσεως
1423 2386 1549 2410 xxvm
1592 2376 1728 2419 scripsit

1227 2425 1307 2467 128,
1326 2424 1372 2459 24

1225 2484 1317 2515 mag.
1334 2473 1537 2505 Nicostrato
1562 2470 1623 2515 (de
1641 2472 1728 2503 tem'-

1225 2531 1311 2564 porc
1350 2520 1392 2554 cs.
1434 2518 1727 2552 VVilamowitzius

1227 2569 1272 2600 de
1298 2568 1478 2608 Antigono
1510 2577 1542 2609 p.
1567 2565 1636 2600 237
1657 2565 1729 2608 sq.)

1227 2627 1303 2649 cum
1338 2615 1579 2648 Athenienses
1611 2623 1632 2646 a
1661 2613 1729 2646 De·

1228 2663 1353 2696 meu-io
1381 2662 1521 2695 obsessi
1553 2662 1644 2695 same
1673 2670 1729 2694 m·-

1227 2715 1425 2753 guerentur‚
1460 2709 1549 2744 τότε
1575 2709 1636 2743 καὶ
1659 2705 1729 2742 τὸν

1227 2758 1444 2803 φιλόσοφον
1509 2755 1730 2798 Ἐπίκουρον

1230 2806 1425 2850 ἱστοροῦσι
1433 2803 1634 2850 διαθρέψαι
1640 2803 1731 2845 τοὺς
