1842 3250
96 935 128 958 io

96 1261 127 1287 15

91 1582 126 1609 20

90 1905 124 1932 25

158 232 196 263 fr.
224 231 295 263 370
636 230 840 261 EPICVRI
868 231 1086 263 PHYSICA
1505 232 1575 264 249

156 346 296 377 siones:
325 344 437 376 malos
466 349 587 376 contra
613 345 739 376 beatos
768 354 859 382 esse,
886 345 1008 385 augeri
1034 345 1204 387 potentia,
1229 346 1428 378 honoribus
1457 347 1571 381 adfici.

156 410 302 442 uidebat
327 409 567 442 innocentiam
592 410 709 442 minus
734 413 855 447 tutam,
884 409 1018 441 scelera
1044 410 1176 452 inpune
1204 411 1386 455 committi.
1426 412 1573 445 uidebat

155 475 232 507 sine
259 474 392 507 dilectu
419 483 567 511 morum,
596 474 672 505 sine
698 473 824 505 ordine
847 483 885 505 ac
905 473 1109 505 discrimine
1135 484 1305 506 annorum
1329 475 1466 508 saeuire
1485 487 1574 508 mor-

154 543 241 579 tem:
283 538 346 575 sed
378 538 469 570 alios
499 538 543 570 ad
571 541 790 571 senectutem
816 537 1016 580 peruenire,
1056 537 1146 569 alios
1173 538 1327 570 infantes
1354 540 1441 581 rapi,
1482 539 1572 572 alios

152 603 222 635 iam
255 603 423 634 robustos
456 602 612 640 interire,
654 602 746 637 alios
772 603 808 634 in
835 601 949 644 primo
978 601 1244 646 adulescentiae
1276 602 1362 635 flore
1388 603 1573 636 inmaturis

154 668 338 699 funeribus
376 667 565 708 exstingui,
606 667 640 699 {n
675 667 783 699 benis
814 667 933 710 potius
972 666 1140 699 meliores
1177 673 1211 699 et
1247 668 1341 702 uinci
1379 672 1412 700 et
1445 669 1570 711 perire.

153 733 303 765 maxime
329 736 444 765 autem
472 731 731 770 commonebat,
772 732 935 764 homines
962 732 997 763 in
1026 732 1150 775 primis
1184 732 1374 774 religiosos
1402 734 1573 774 grauiori—

152 798 220 830 bus
247 796 348 829 malis
377 796 493 835 adfici,
531 797 574 829 iis
608 801 736 836 autem,
773 798 835 840 qui
869 801 929 829 aut
955 797 1043 829 deos
1075 797 1220 842 omnino
1255 797 1487 839 neglegerent
1514 803 1572 830 aut

152 872 224 895 non
254 862 313 905 pie
344 861 517 900 colerent,
557 861 616 893 uel
644 861 782 893 minora
815 861 1042 908 incommoda
1077 861 1220 894 euenire
1252 862 1311 894 uel
1338 862 1454 901 nulla;
1495 863 1571 906 ipsa

153 927 256 959 etiam
284 936 391 969 saepe
423 925 557 969 templa
592 926 801 958 fulminibus
829 925 1046 966 conflagrare
1075 952 1222 960 ......
1273 925 1352 970 (16)
1378 937 1457 959 cum
1484 927 1571 959 haec

151 991 259 1033 igitur
285 991 458 1032 cogitaret
482 990 671 1034 Epicurus,
706 1000 824 1022 earum
851 1000 967 1022 rerum
993 990 1094 1022 uelut
1118 990 1306 1036 iniquitate
1332 991 1498 1025 inductus
1526 1009 1569 1015 --·

152 1055 202 1088 sic
221 1056 315 1087 enim
334 1065 495 1088 caussam
513 1055 757 1098 rationemque
776 1054 955 1096 ignoranti
974 1055 1165 1087 uidebatur
1193 1074 1235 1078 —-
1262 1056 1477 1088 existimauit
1496 1055 1571 1088 nul-

150 1120 221 1152 lam
248 1130 328 1153 esse
354 1119 628 1163 prouidentiam.
679 1119 778 1162 quod
806 1129 884 1151 cum
911 1118 981 1151 sibi
1007 1119 1254 1162 persuasisset,
1282 1119 1440 1162 suscepit
1466 1120 1570 1152 etiam

151 1184 427 1218 defendendum.
455 1184 506 1216 sic
531 1184 569 1216 in
599 1194 736 1216 errores
764 1183 1031 1215 inextricabiles
1060 1194 1098 1215 se
1125 1184 1202 1226 ipse
1229 1183 1393 1216 coniecit.
1420 1184 1449 1215 si
1478 1184 1570 1216 enim

149 1249 377 1293 prouidentia
402 1247 502 1280 nulla
526 1252 592 1287 est,
618 1259 690 1291 quo
710 1248 817 1280 modo
837 1253 905 1280 tam
925 1248 1098 1286 ordinate,
1122 1251 1193 1280 tam
1216 1247 1391 1292 disposite
1418 1249 1569 1281 mundus

150 1314 298 1347 effectus
324 1312 400 1345 est?
428 1312 582 1351 Nulla,
609 1312 734 1356 inquit,
762 1312 1007 1356 dispositio
1038 1317 1114 1344 est.
1152 1312 1287 1345 multa
1317 1312 1426 1345 enim
1455 1313 1570 1345 sacta

151 1383 251 1411 sunt
285 1377 417 1410 aliter
451 1388 572 1420 quam
605 1377 708 1410 sieri
744 1377 1002 1410 debuerunt.
1056 1382 1089 1409 et
1122 1377 1260 1410 inuenit
1290 1376 1397 1410 homo
1425 1377 1568 1410 diuinus

150 1454 241 1487 quae
269 1442 558 1486 reprehenderet.
601 1452 692 1485 quae
719 1442 860 1483 singula
887 1442 916 1474 si
943 1447 1085 1475 uacaret
1109 1441 1286 1480 refellere,
1320 1441 1425 1474 facile
1452 1447 1569 1476 osten-

150 1507 271 1540 derem
297 1517 363 1540 nec
387 1507 583 1551 sapientem
608 1506 703 1543 hunc
731 1502 842 1540 fuisse
871 1517 935 1539 nec
962 1517 1097 1540 sanum.
1150 1507 1241 1539 Item
1267 1507 1296 1539 si
1322 1507 1423 1539 nulla
1451 1507 1569 1550 proui-

150 1572 271 1604 dentia
296 1576 362 1611 est,
401 1582 472 1615 quo
499 1572 608 1604 modo
635 1571 838 1605 animalium
870 1582 1021 1614 corpora
1046 1576 1118 1603 tam
1143 1571 1376 1614 prouidenter
1408 1572 1570 1604 ordinata

149 1642 242 1676 sunt,
267 1641 306 1668 ut
327 1636 469 1677 singula
487 1646 649 1679 quaeque
675 1636 833 1668 membra
856 1635 1013 1668 mirabili
1040 1636 1176 1668 ratione
1203 1635 1379 1678 disposita
1405 1647 1470 1668 sua
1494 1636 1569 1669 offi-

149 1701 203 1734 cia
223 1701 457 1734 conseruent?
483 1700 614 1739 nihil,
642 1701 769 1744 inquit,
796 1701 838 1733 in
864 1701 1151 1745 procreandis
1179 1701 1445 1733 animalibus
1472 1711 1569 1743 pro-

148 1766 378 1799 uidentiae
404 1765 518 1798 ratio
544 1765 699 1798 molita
726 1771 799 1799 est.
827 1776 918 1797 nam
945 1775 1084 1808 neque
1112 1765 1232 1798 oculi
1260 1765 1368 1797 sacti
1394 1769 1492 1798 sunt
1517 1765 1566 1796 ad

148 1831 385 1864 uidendum
423 1841 563 1873 neque
599 1840 726 1863 aures
767 1831 817 1863 ad
853 1830 1119 1862 audiendum
1159 1840 1299 1873 neque
1331 1830 1483 1871 lingua
1517 1830 1567 1862 ad

148 1894 420 1937 loquendum
449 1905 587 1939 neque
617 1895 752 1939 pedes
780 1895 831 1927 ad
859 1894 1181 1933 ambulandum,
1218 1895 1419 1937 quoniam
1446 1894 1567 1937 prius

148 1957 254 1990 haec
279 1962 378 1990 nata
405 1963 503 1991 sunt.
529 1968 650 2001 quam
677 1963 795 1990 esset
821 1957 944 2001 loqui
974 1957 1130 1991 audire
1152 1957 1307 1990 uidere
1334 1959 1565 1992 ambulare.

148 2022 298 2065 itaque
330 2032 415 2054 non
441 2021 547 2054 haec
573 2022 623 2054 ad
654 2032 775 2054 usum
801 2007 901 2054 ιῖαῐει
929 2026 1028 2053 sunt
1062 2021 1137 2053 sed
1166 2032 1271 2053 usus
1300 2032 1346 2054 ex
1372 2021 1471 2055 illis
1498 2033 1567 2054 na-

148 2091 216 2119 tus
243 2092 317 2120 est.
355 2086 392 2120 Si
420 2087 519 2119 nulla
542 2087 773 2131 prouidentia
799 2092 864 2126 est,
892 2097 952 2119 cur
977 2086 1109 2119 imbres
1137 2087 1278 2125 cadunt,
1305 2087 1423 2129 fruges
1451 2087 1568 2120 oriun-

147 2156 215 2191 tur,
235 2152 378 2184 arbusta
395 2151 652 2184 frondescunt?
677 2162 700 2184 n
710 2162 778 2191 on,
798 2151 913 2195 inquit
932 2161 1082 2195 semper,
1108 2151 1387 2183 animantium
1415 2162 1489 2184 cau
1499 2163 1568 2185 ssa

147 2300 309 2343 εὐτυχεῖ,
326 2300 372 2336 τὸ
392 2299 433 2335 δὲ
451 2299 605 2335 ἀστεῖον
623 2299 807 2335 τάναντία
825 2299 977 2342 πάσχει;
1005 2289 1187 2332 Himerius
1206 2300 1328 2332 Photii
1347 2300 1435 2334 bibl.
1451 2311 1480 2334 c.
1496 2301 1565 2335 243

146 2370 180 2402 p.
199 2359 289 2393 357·
304 2360 350 2393 23
375 2359 596 2403 ἐὐτυχοῦσι
621 2360 714 2404 γάρ’
740 2359 858 2404 φησίν
882 2358 937 2394 “oi
962 2358 1106 2394 xaxoi'·
1133 2361 1194 2393 καὶ
1220 2358 1256 2393 τί
1284 2358 1414 2400 κακίας
1440 2361 1566 2401 μεῖζον

147 2417 386 2462 δυστύχημα;
414 2419 661 2462 ’δυστυχοῦσι
688 2419 761 2463 γὰρ
788 2419 823 2458 ,οἱ
849 2418 997 2462 σοφοί”
1028 2419 1108 2453 εἶτα
1135 2417 1311 2460 εῠτυχίαν
1338 2419 1455 2461 ἄλλην
1481 2418 1564 2462 ἀρε-

146 2478 214 2520 τῆς
232 2477 306 2522 ἡγῇ
326 2477 514 2521 βελτίονα;
539 2491 574 2522 p.
593 2477 683 2512 35712
703 2479 742 2512 11
771 2478 807 2512 τί
834 2479 902 2512 οὖν
929 2478 1097 2519 ἐγκαλεῖς
1123 2476 1283 2522 προνοίᾳ
1310 2477 1361 2519 ὡς
1390 2478 1440 2520 μὴ
1467 2488 1565 2521 μερι-

147 2536 265 2581 ἰούσῃ
292 2538 373 2571 κατ’
404 2536 508 2572 ἀξίαν
536 2538 581 2572 τὸ
609 2537 770 2579 δίκαιονς
813 2537 992 2570 Lucianus
1018 2537 1118 2569 Iouis
1146 2537 1307 2578 tragoedi
1332 2547 1360 2570 c.
1384 2536 1523 2570 19-22
1564 2535 1569 2580 j

147 2595 169 2628 4
196 2593 276 2640 sed]
296 2601 332 2629 et
347 2597 522 2629 suadebat
540 2599 814 2630 Buenemannus
859 2594 865 2640 Ι
910 2596 1003 2630 7-9
1030 2597 1074 2629 cf.
1091 2597 1190 2629 Lact.
1211 2597 1282 2629 diu.
1302 2597 1382 2629 inst.
1400 2604 1428 2629 V
1449 2596 1504 2635 10,
1522 2596 1564 2629 12

147 2654 250 2687 Lucr.
278 2662 304 2688 Π
333 2655 498 2689 1101-4
537 2654 542 2700 Ῐ
586 2657 628 2690 14
654 2654 824 2700 coniecit]
852 2656 1032 2687 conclusit
1057 2655 1117 2687 alii
1157 2654 1162 2699 Ι
1204 2655 1247 2689 16
1267 2666 1317 2698 sq.
1347 2655 1389 2688 cs.
1415 2655 1565 2688 Lucr.11

150 2712 218 2746 180
235 2711 278 2756 (V
299 2712 383 2759 198)
400 2714 408 2725 ‘
420 2726 643 2761 nequaquam
660 2715 766 2747 nobis
786 2715 957 2747 diuinitus
977 2724 1056 2745 esse
1075 2719 1228 2747 creatam
1246 2718 1404 2746 naturam
1427 2714 1563 2746 mundi:

159 2776 253 2806 tanta
280 2777 347 2805 stat
374 2775 533 2819 praedita
559 2773 684 2819 culpa'
730 2772 735 2820 Ι
782 2774 826 2809 23
855 2774 898 2807 cs.
926 2774 967 2808 fr.
986 2773 1055 2806 373
