1846 3288
311 254 435 288 LXVI
867 251 1156 286 PRAEFATIO

315 372 414 410 dum
433 376 508 417 est,
530 382 652 421 quem
674 375 866 419 sequatur
893 370 1131 419 scriptorem
1149 369 1365 415 Graecum,
1390 369 1467 408 sed
1491 381 1592 408 sana
1619 374 1722 407 stre—

311 450 485 489 nuaque
510 438 862 488 interpretatione,
894 438 1160 476 obseruando
1194 449 1328 475 rerum
1360 437 1646 475 tractationem
1677 442 1719 474 et

313 507 607 544 sententiarum
629 505 815 543 ordinem
837 504 1149 554 speculandum,
1173 517 1252 554 qua
1275 504 1423 544 scribat
1444 504 1616 549 ratione,
1638 515 1720 554 quo

314 574 441 611 modo
458 584 580 624 quem
597 574 853 621 sequendum
875 572 950 610 sibi
966 572 1222 623 proposuerit
1238 572 1450 622 exprimat.
1474 583 1597 621 quam
1614 572 1722 610 uiam

315 652 404 679 cum
439 640 490 679 G.
521 636 797 688 Heylbutius1
836 639 1074 684 indicasset,
1106 639 1175 688 qui
1203 644 1299 687 post
1335 650 1430 676 eum
1461 639 1515 676 de
1546 639 1723 678 auctori·

315 708 391 746 bus
421 706 630 745 Ciceronis
672 707 986 756 disputauerunt
1026 706 1209 756 plerique
1249 706 1414 744 minime
1456 717 1505 744 ea
1544 717 1624 756 qua
1652 718 1724 756 par

317 774 393 812 fuit
432 773 663 813 constantia
695 779 932 819 tenuerunt;
973 785 1025 810 ne
1056 773 1105 812 R.
1136 772 1356 811 Hirzelium
1393 773 1560 822 quidem
1593 774 1724 812 uirum

315 841 623 890 quaestionibus
663 842 718 878 de
760 840 960 879 Cicerone
997 840 1244 891 philosopho
1281 841 1526 880 doctissimis
1569 841 1724 892 optime

315 908 370 947 de
400 907 588 946 Graecae
626 908 911 958 philosophiae
951 909 1118 946 historia
1155 909 1342 947 meritum
1381 908 1505 958 plane
1543 909 1725 959 excipias

315 981 482 1025 propter
501 975 672 1025 primum
689 976 897 1015 uolumen.
929 976 986 1013 ita
1011 976 1119 1013 enim
1141 981 1220 1014 est:
1244 975 1427 1014 umbram
1447 982 1592 1027 captes
1613 987 1726 1013 eam·

316 1055 397 1093 que
427 1042 616 1081 fallacem
658 1043 691 1081 si
727 1055 897 1093 quaeras
935 1055 1057 1093 quem
1089 1049 1301 1082 auctorem
1330 1045 1445 1093 sequi
1475 1042 1621 1081 Cicero
1651 1054 1726 1081 uo-

317 1110 442 1156 luerit,
479 1109 556 1148 nisi
595 1110 711 1149 simul
749 1123 830 1162 quo
873 1112 1001 1149 modo
1040 1116 1251 1161 sequatur,
1291 1111 1537 1162 expresserit
1579 1123 1724 1156 necne,

314 1178 511 1228 explores.
571 1178 634 1216 Ex
663 1178 825 1229 Epicuri
854 1179 1111 1230 philosophia
1141 1178 1287 1218 Cicero
1318 1180 1450 1218 locum
1481 1179 1534 1217 de
1563 1179 1628 1217 dis
1656 1176 1722 1229 (fr.

316 1244 418 1295 352)
460 1252 503 1283 et
539 1252 696 1295 partem
737 1246 934 1285 moralem
964 1243 1024 1296 (fr.
1058 1244 1153 1296 397)
1184 1247 1362 1284 breuiter
1400 1246 1619 1296 explicauit
1647 1257 1727 1283 nec

316 1312 437 1360 male,
484 1319 528 1350 ut
574 1321 712 1351 tamen
750 1326 887 1364 neque
925 1315 1112 1352 inscitiae
1148 1313 1371 1364 specimina
1412 1314 1548 1352 desint
1591 1323 1726 1363 neque

319 1379 506 1418 lectionis
528 1379 757 1418 eruditioris
779 1381 951 1430 uestigia
966 1393 1141 1430 usquam
1162 1387 1405 1431 appareant:
1427 1381 1547 1431 igitur
1568 1380 1726 1419 scholas

320 1448 521 1497 expressit
554 1448 620 1485 uel
658 1449 796 1498 potius
827 1446 961 1498 (quod
1000 1449 1040 1486 in
1074 1449 1243 1486 alterum
1288 1449 1419 1487 locum
1450 1448 1601 1486 cadere
1630 1447 1727 1486 mihi

322 1521 475 1553 certum
507 1521 570 1552 est
601 1515 651 1555 cf.
686 1517 782 1554 adn.
811 1528 850 1565 p.
883 1517 1019 1561 271,ss
1051 1523 1091 1554 et
1124 1517 1218 1562 264,
1238 1517 1279 1565 1)
1307 1527 1464 1554 summa
1495 1515 1632 1566 capita
1655 1510 1727 1567 (τὰ

318 1580 552 1633 κεφάλαια)
583 1595 608 1620 a
630 1583 832 1621 Graeculo
862 1583 1050 1622 officioso
1077 1584 1254 1622 breuiter
1280 1584 1525 1633 consignata
1557 1583 1727 1633 largiore

321 1650 413 1688 stilo
442 1657 678 1699 persecutus
709 1657 783 1690 est.
843 1650 985 1699 Longe
1026 1651 1149 1688 alium
1180 1651 1337 1701 sibique
1375 1662 1514 1700 parem
1546 1650 1726 1688 Tullium

317 1718 357 1755 in
389 1718 446 1755 eis
478 1719 668 1756 librorum
698 1718 880 1768 partibus
912 1719 1125 1768 obserues,
1156 1718 1224 1756 ubi
1247 1718 1484 1756 Academici
1503 1728 1726 1768 personam

319 1785 465 1824 induit.
525 1785 590 1823 hic
620 1786 836 1835 eleganter
863 1791 1064 1835 acuteque
1097 1785 1306 1831 disertum,
1343 1785 1408 1824 hic
1437 1785 1630 1830 facetum,
1661 1785 1729 1823 hic

320 1853 557 1902 scriptorem
589 1853 732 1891 uideas
764 1854 980 1891 scribendo
1004 1854 1253 1892 delectatum
1282 1853 1438 1904 sibique
1468 1854 1613 1892 merito
1643 1853 1727 1903 pla-

319 1927 493 1960 centem.
555 1921 620 1959 hic
640 1921 819 1970 denique
847 1921 1024 1960 eruditio
1047 1933 1212 1971 quoque
1242 1921 1393 1959 emicat
1422 1933 1505 1960 non
1536 1920 1726 1970 uolgatis.

321 1988 464 2026 confer
493 1988 660 2026 alterum
694 1989 747 2026 de
769 1989 1025 2027 diuinatione
1046 1989 1190 2026 librum
1221 2001 1311 2027 cum
1337 1988 1483 2039 priore,
1514 1986 1580 2027 uel
1610 1987 1726 2028 theo·

318 2055 453 2105 logiae
473 2055 638 2094 Stoicae
669 2055 957 2094 refutationem
987 2054 1060 2106 (de
1081 2062 1164 2096 nat.
1187 2053 1317 2107 d.111)
1348 2067 1441 2094 cum
1471 2056 1573 2094 illius
1602 2056 1726 2093 linea·

319 2123 467 2161 mentis
500 2128 661 2162 tantum
689 2135 774 2162 non
803 2124 1020 2174 puerilibus
1057 2123 1127 2173 (ib.
1159 2124 1183 2163 1.
1204 2122 1270 2173 11).
1331 2124 1484 2162 scilicet
1515 2123 1729 2162 refutatio·

320 2201 414 2228 nem
444 2200 495 2229 ex
525 2190 683 2240 optimo
714 2191 904 2241 exemplo
941 2192 1067 2230 modo
1100 2190 1343 2230 Clitomachi
1374 2191 1502 2229 modo
1533 2190 1728 2229 Antiochi

320 2258 520 2307 exprimit,
549 2257 866 2308 explicationem
896 2265 1055 2298 tantum
1087 2259 1206 2297 abest
1225 2264 1269 2297 ut
1291 2271 1341 2296 ex
1367 2258 1566 2310 primariis
1586 2263 1727 2296 sectae

319 2323 429 2363 libris
449 2324 624 2371 hauriat,
644 2332 689 2365 ut
709 2338 1018 2377 nonnumquam
1039 2328 1269 2366 secundum
1289 2328 1420 2377 ipsam
1439 2326 1728 2365 refutationem

321 2392 470 2442 scribat
506 2393 698 2433 adhibitis
733 2401 806 2433 aut
836 2395 1005 2434 exilibus
1035 2395 1238 2445 excerptis
1275 2401 1346 2433 aut
1384 2393 1728 2444 anacephalaeosi

323 2458 531 2499 Graeculo
563 2458 685 2502 alicui
714 2463 924 2513 imperata.
973 2461 1068 2501 Non
1097 2462 1332 2501 mirabimur
1360 2463 1401 2500 in
1422 2462 1520 2500 locis
1551 2473 1604 2500 ex
1624 2461 1727 2499 Aca-

321 2527 458 2566 demia
487 2528 627 2578 petitis
657 2529 945 2569 eruditionem.
1007 2531 1075 2568 dic
1106 2530 1215 2569 enim
1252 2541 1333 2580 quo
1363 2529 1435 2568 tibi
1464 2530 1592 2568 modo
1623 2529 1729 2568 Aca-

319 2595 584 2648 demicorum,
615 2595 656 2634 in
686 2596 825 2646 primis
842 2596 1065 2636 Carneadis
1096 2596 1259 2635 scholas
1279 2596 1564 2636 celeberrimas
1595 2595 1726 2646 fingas

438 2744 457 2779 1
483 2745 521 2778 in
547 2743 797 2781 dissertatione
824 2747 882 2780 De
905 2745 1142 2791 Theophrasti
1176 2746 1280 2781 libris
1305 2746 1391 2791 περὶ
1416 2744 1543 2792 φιλίας
1568 2747 1728 2789 (Boxum

320 2802 429 2848 1876)
455 2814 490 2848 p.
507 2802 555 2840 36
569 2814 623 2848 sq.
