1842 3250
25 610 92 644 122

63 979 96 1003 10

63 1644 97 1670 20

63 1963 97 1989 25

564 210 674 243 EPIC
680 211 770 242 VRI
803 211 1082 244 EPISTVLAE
1464 210 1531 245 139

117 326 182 360 ὅτε
207 327 434 369 φιλοσοφεῖν
459 325 599 368 ἤρξατο
624 325 820 360 ἐπαύσατο
847 325 1050 369 ἑταιροῦσα
1075 324 1168 360 πᾶσί
1193 336 1236 361 τε
1261 329 1340 367 τοῖς
1365 325 1532 361 Ἐπικου-

116 389 231 435 ρείοις
262 391 382 433 συνῆν
409 390 450 425 ἑν
477 393 558 431 τοῖς
582 390 726 433 κήποις,
765 389 972 434 Ἐπικούρῳ
1000 390 1041 425 δὲ
1068 390 1129 424 καὶ
1155 390 1396 433 ἀναφανδόν’
1440 389 1532 425 ὥστ’

117 454 262 489 ἐκεῖνον
296 453 441 497 πολλὴν
467 453 655 501 φροντίδα
685 454 917 496 ποιούμενον
944 454 1061 497 αὐτῆς
1093 454 1197 489 τοῦτ’
1227 454 1445 498 ἐμφανίζειν
1472 455 1533 490 διὰ

115 521 194 553 τῶν
220 519 315 563 πρὸς
342 519 553 562 Ἕρμαρχον
579 519 802 554 ἐπιστολῶν.

237 607 433 642 Emcvnvs
452 606 698 641 Hnmmucrro
724 615 911 641 SALVTEM.
940 601 1044 640 Cum
1066 614 1282 652 ageremus
1304 604 1417 640 uitae
1437 603 1535 640 bea-

117 681 204 713 tum
235 680 277 712 et
307 674 490 712 eundern
519 685 755 723 supremum
787 675 911 719 diem,
943 675 1224 713 scribebamus
1254 675 1371 713 haec.
1431 677 1536 714 tanti

118 748 292 785 aderant
334 747 500 785 uesicae
538 753 581 784 et
617 747 838 784 torminum
873 748 1022 792 morbi,
1071 753 1115 785 ut
1154 748 1251 785 nihil
1291 749 1346 785 ad
1391 760 1534 787 eorum

118 820 447 870 magnitudinem
477 825 622 869 posset
652 821 870 857 accedere.
904 821 1241 869 compensabatur
1271 828 1411 859 tamen
1441 833 1535 859 cum

118 893 181 932 his
213 893 402 931 omnibus
431 892 554 930 animi
587 892 755 937 laetitia,
788 904 911 942 quam
944 893 1160 942 capiebam
1191 895 1388 931 memoria
1412 896 1536 932 ratio-

119 979 218 1004 num
248 967 592 1015 inuentorumque
624 971 869 1006 nostrorum.
902 965 985 1004 Sed
1015 973 1072 1012 tu,
1103 973 1147 1005 ut
1175 968 1347 1017 dignum
1373 973 1437 1005 est
1465 974 1536 1004 tua

119 1050 217 1088 erga.
251 1050 319 1077 me
355 1044 399 1076 et
430 1037 734 1088 philosophiam
764 1038 984 1077 uoluntate
1014 1039 1067 1076 ab
1100 1040 1412 1078 adulescentulo
1447 1051 1538 1077 sus-

119 1117 256 1163 cepta,
286 1111 351 1149 fac
382 1117 427 1149 ut
455 1110 685 1149 Metrodori
717 1117 860 1149 tueare
891 1111 1054 1150 liberos.

118 1181 262 1220 Cxcmzo
288 1183 333 1215 de
355 1182 414 1216 fin.
437 1189 467 1216 n
492 1182 549 1221 30,
564 1181 611 1215 96
639 1182 750 1221 ‘audi,
778 1192 822 1215 ne
849 1182 957 1224 longe
984 1183 1122 1225 abeam,
1148 1183 1303 1215 moriens
1328 1184 1415 1226 quid
1439 1183 1536 1215 dicat

118 1247 309 1291 Epicurus,
333 1251 374 1279 ut
389 1246 581 1288 intellegas
607 1246 701 1279 faeta
729 1247 806 1280 eius
832 1257 912 1279 cum
938 1248 1044 1280 dictis
1071 1247 1286 1291 discrepare.
1315 1248 1534 1290 Epicurus

80 1318 95 1343 ,ἰ
119 1311 390 1345 Hermarcho
418 1310 619 1344 salutem.
653 1310 753 1344 Cum
782 1321 1027 1352 ageremus,
1055 1311 1181 1354 inquit,
1209 1312 1330 1344 uitae
1434 1339 1441 1345 .
1471 1323 1536 1344 ac·

120 1376 288 1409 cedere.
313 1376 480 1408 miserum
499 1375 690 1409 hominem.
718 1375 749 1407 si
776 1375 882 1408 dolor
908 1385 1081 1408 summum
1100 1375 1231 1408 malum
1251 1381 1315 1414 est,
1344 1376 1415 1409 dici
1434 1376 1537 1409 aliter

119 1451 192 1473 non
209 1444 340 1484 potest.
368 1440 433 1473 sed
460 1440 645 1472 audiamus
665 1440 802 1482 ipsum:
832 1441 1215 1483 conpensabatur,
1242 1441 1369 1483 inquit,
1394 1446 1536 1473 tamen

169 1531 177 1539 .
193 1531 201 1539 .
229 1511 378 1537 tueare
403 1503 612 1537 liberos'.
646 1504 692 1537 cs.
712 1503 759 1537 98
785 1503 1105 1547 ‘conpensabatur,
1131 1505 1258 1548 iuquit,
1286 1514 1365 1537 cum
1392 1506 1536 1538 summis

121 1570 311 1604 doloribus
336 1569 501 1603 laetitia‘.

123 1635 220 1669 idem
244 1635 352 1668 Tusc.
378 1635 471 1678 disp.
489 1642 517 1668 v
535 1633 593 1673 31,
612 1634 659 1668 88
698 1634 827 1677 ‘quid?
853 1635 883 1667 is
910 1634 977 1667 tibi
1002 1640 1198 1667 mortemne
1225 1635 1369 1667 uidetur
1394 1640 1453 1667 aut
1479 1634 1541 1667 do·

121 1700 236 1733 iorem
255 1701 392 1738 timere,
419 1700 480 1743 qui
507 1709 586 1731 eum
614 1699 709 1731 diem
736 1709 807 1742 quo
833 1699 985 1732 moritur
1011 1699 1155 1731 beatum
1177 1699 1337 1742 appellat
1353 1700 1541 1732 maxumis·

122 1775 192 1808 que
225 1763 416 1797 doloribus
450 1764 612 1797 adfectus
647 1774 711 1796 eos
745 1765 846 1807 ipsos
879 1765 1110 1796 inuentorum
1137 1774 1283 1797 suorum
1310 1765 1479 1797 memoria
1506 1772 1540 1797 et

121 1828 371 1862 recordatione
392 1829 564 1868 confutat,
591 1840 656 1862 nec
683 1829 770 1862 haec
801 1829 851 1862 sic
878 1830 962 1870 agit,
991 1834 1029 1861 ut
1057 1839 1099 1862 ex
1125 1834 1286 1873 tempore
1311 1829 1413 1872 quasi
1441 1829 1541 1862 effut-

122 1894 188 1926 tire
213 1893 406 1928 uideatur’.

121 1958 216 1991 idem
242 1957 332 1991 ibid.
358 1965 387 1992 V
411 1958 445 1996 9,
464 1957 510 1993 26
560 1957 666 2002 ‘quid
692 1957 823 1990 melius
850 1968 955 2001 quam
982 1958 1159 1991 fortunam
1191 1958 1358 1999 exiguum
1385 1958 1539 1990 interue-

120 2023 196 2056 nire
223 2023 376 2066 sapienti
403 2021 510 2068 [sent.
529 2022 638 2069 XVI]?
664 2025 728 2056 sed
755 2024 826 2056 hoc
851 2024 929 2056 isne
957 2022 1056 2060 dicit,
1083 2023 1144 2066 qui
1170 2033 1248 2055 cum
1275 2022 1439 2054 dolorem
1466 2032 1537 2054 non

119 2088 227 2121 modo
253 2098 454 2121 maxumum
485 2089 618 2122 malum
651 2089 715 2121 sed
741 2089 858 2121 solum
885 2088 1017 2121 malum
1044 2087 1152 2120 etiam
1180 2087 1322 2126 dixerit,
1361 2092 1437 2119 toto
1465 2097 1539 2119 cor—

119 2162 207 2196 pore
233 2152 388 2196 opprimi
420 2154 537 2196 possit
569 2153 759 2186 doloribus
793 2152 974 2185 acerrimis
1006 2157 1092 2190 tum,
1134 2161 1213 2183 cum
1238 2150 1390 2183 maxime
1417 2155 1540 2183 contra

121 2218 299 2250 fortunam
323 2216 539 2259 glorietur?‘

121 2281 209 2314 ibid.
224 2289 256 2315 11
272 2281 327 2320 19,
337 2282 382 2314 45
404 2281 483 2325 ‘qui
501 2281 664 2314 dolorem
682 2281 854 2314 malorum
874 2280 1032 2313 omnium
1048 2291 1249 2312 maxumum
1267 2279 1407 2317 dixerit,
1423 2290 1541 2322 quam-

120 2347 177 2379 uis
196 2346 291 2379 idem
310 2346 515 2379 forticulum
541 2357 580 2378 se
607 2347 642 2378 in
669 2346 884 2380 torminibus
914 2350 948 2378 et
974 2346 1010 2378 in
1040 2346 1240 2387 stranguria
1259 2355 1322 2377 sua
1340 2343 1540 2388 praebeat'.

121 2410 211 2444 ibid.
237 2418 264 2443 V
289 2410 348 2450 26,
371 2411 417 2444 74
467 2409 551 2443 ‘nec
576 2421 663 2443 uero
693 2410 757 2443 illa
783 2411 853 2443 sibi
880 2410 1038 2443 remedia
1067 2409 1288 2452 comparauit
1315 2409 1359 2441 ad
1385 2408 1542 2441 toleran-

243 2509 259 2541 1
290 2509 535 2551 φιλοσοφεῑν;
563 2509 606 2541 cf.
623 2520 658 2552 p,
676 2509 755 2547 101,
769 2509 816 2542 30
830 2519 883 2551 sq.
915 2507 931 2552 ss
965 2507 1083 2542 5—12
1104 2508 1252 2540 eandem
1273 2507 1464 2550 epistulam
1482 2507 1542 2539 ha-

122 2567 187 2600 bes
205 2568 246 2602 sr.
264 2568 343 2607 138,
362 2568 580 2601 simillimam
599 2569 639 2601 fr.
652 2568 733 2606 177,
752 2568 795 2601 cf.
811 2579 845 2610 p.
861 2568 939 2607 134,
953 2568 985 2601 5.
1005 2567 1166 2599 eiusdem
1186 2566 1362 2609 epistulae
1377 2566 1543 2609 exempla

122 2627 167 2659 ad
185 2627 348 2659 diuersos
374 2626 508 2658 amicos
535 2627 700 2659 uidentur
727 2627 808 2659 data
836 2637 934 2658 esse:
962 2626 1068 2658 aliter
1086 2626 1294 2667 Maduigius
1313 2625 1357 2657 ad
1376 2625 1448 2657 Cic.
1468 2624 1492 2657 1.
1510 2635 1537 2659 S.

120 2695 194 2717 rem
211 2684 414 2728 explicabat
451 2684 456 2728 Ι
495 2684 541 2718 32
558 2703 603 2709 -—
618 2696 652 2728 p.
673 2686 749 2727 140,
764 2685 786 2718 2
811 2686 855 2717 ad
880 2685 950 2718 hoc
976 2685 1210 2725 fragmentum
1235 2687 1396 2727 spectare
1423 2682 1540 2717 cffici-

122 2748 179 2776 tur
202 2743 285 2776 loco
311 2743 368 2776 De
394 2743 454 2776 fin.
481 2743 646 2788 adposito
