1846 3288
319 253 438 285 XXII
870 251 1163 283 PRAEFATIO

432 368 577 406 Redeo
615 368 668 405 ad
699 366 906 404 Laertium
936 365 1178 413 Diogenem.
1233 366 1301 415 qui
1336 379 1427 404 cum
1458 367 1533 404 hos
1571 366 1728 405 libellos

318 447 424 473 unus
457 434 694 482 seruaimrit,
726 433 934 483 quaeritur
964 438 1096 469 utrum
1126 433 1213 482 ipse
1228 433 1393 482 Epicuri
1422 445 1561 471 amore
1590 433 1729 471 incen-

318 514 387 541 sus
419 501 567 540 salubri
598 500 768 538 consilio
800 511 873 549 pro
906 500 1145 547 dogmatum
1179 499 1339 538 delectu
1374 500 1465 537 exili
1493 502 1621 539 uerba
1643 514 1729 540 ma-

317 569 430 619 gistri
460 567 641 618 posuerit
671 579 725 604 an
755 567 868 602 iuxta
900 577 992 603 cum
1014 566 1161 603 ceteris
1183 567 1303 605 rebus
1322 568 1503 617 plurimis
1525 568 1601 605 hos
1624 580 1729 618 quo-

318 648 398 686 que
431 637 482 673 ab
515 641 682 673 auctore
712 634 885 671 traditos
915 634 1133 683 acceperit.
1179 645 1329 683 operae
1360 636 1532 684 pretium
1563 641 1626 673 est
1645 634 1726 673 hoc

317 704 418 742 scire
461 710 504 741 ut
542 704 595 739 de
629 702 827 750 scriptore
858 706 969 738 recte
1001 700 1205 739 iudicetur
1235 714 1366 739 rerum
1396 703 1726 751 grauiss1marum

316 776 485 808 auctore
515 781 643 818 saepe
672 767 806 805 unico.
844 766 922 804 etsi
954 767 1154 816 quidquid
1184 767 1397 805 inuentum
1428 769 1515 814 erit,
1548 781 1657 818 nego
1678 781 1728 807 eo

316 837 450 875 facere
481 847 605 886 posse
638 841 681 871 ut
711 840 848 872 certae
871 834 1058 873 Laertius
1090 840 1229 872 sectae
1261 835 1493 873 uindicetur
1524 836 1614 874 siue
1633 836 1729 885 Epi·

316 915 464 942 cureae
494 903 593 947 siue,
627 902 741 952 quod
766 901 1076 940 Wachsmuthio
1107 913 1238 951 nuper
1278 902 1442 951 placuit,
1490 904 1729 952 empiricae:

316 972 393 1009 nisi
428 970 533 1008 forte
564 970 633 1018 qui
649 969 896 1018 Epicureum
914 969 1082 1007 Zenone
1112 975 1153 1006 et
1183 969 1422 1018 aequalibus
1457 971 1727 1019 posteriorem

315 1039 434 1077 nouit
464 1037 629 1082 nullum,
661 1036 954 1087 Epicureorum
987 1036 1134 1074 scholis
1167 1037 1327 1075 saeculo
1358 1044 1394 1076 11
1425 1043 1606 1075 exeunte
1638 1050 1723 1074 eru—

315 1107 425 1145 ditus
453 1117 558 1149 esse,
589 1110 658 1142 aut
688 1103 755 1153 qui
775 1104 880 1141 inter
902 1103 1113 1153 empiricos
1129 1103 1402 1141 Menodotum
1422 1103 1726 1155 Theudamque

315 1173 499 1211 medicos
529 1177 741 1216 memorat,
763 1170 1027 1220 Sarapionem
1046 1168 1059 1195 ¹
1092 1177 1132 1209 et
1151 1171 1364 1209 Glauciam
1398 1178 1519 1216 tacet,
1549 1173 1730 1210 medicus

316 1247 455 1279 sectae
486 1238 703 1289 empiricae
734 1250 828 1276 esse
859 1239 1005 1287 potuit.

429 1307 600 1345 multum
631 1312 773 1344 nostra
800 1306 998 1344 memoria
1023 1306 1079 1343 de
1095 1305 1247 1343 Laertii
1269 1306 1449 1343 fontibus
1472 1305 1731 1355 disputatum

317 1382 392 1415 est.
421 1387 530 1413 nunc
552 1381 773 1424 postquam
793 1374 897 1411 inter
927 1373 1179 1411 somniantes
1210 1373 1542 1422 uigilantissimus
1575 1374 1729 1412 exstitit

319 1443 380 1481 uir
410 1450 452 1481 ct
482 1441 738 1480 acutissimus
760 1440 977 1479 Vdalricus
1002 1440 1346 1484 Wilamowitzius‚
1379 1442 1446 1490 qui
1477 1454 1559 1478 non
1590 1441 1729 1490 conpi—

317 1511 488 1549 latorum
518 1509 751 1548 nominibus
787 1509 1083 1558 inuestigandis
1116 1509 1192 1546 sed
1225 1509 1488 1559 explorandis
1519 1508 1638 1546 rebus
1668 1520 1729 1545 re·

316 1591 487 1629 rumque
530 1578 763 1616 auctoribus
807 1588 912 1626 opus
952 1588 1046 1614 esse
1083 1577 1290 1623 clamaret,
1328 1576 1551 1624 desierunt,
1595 1587 1728 1625 spero,

318 1645 569 1684 Demetrium
587 1645 776 1683 Dioclem
793 1643 1040 1681 Fauorinum
1063 1643 1323 1693 stupentibus
1344 1644 1463 1681 nobis
1495 1642 1727 1681 uenditare.

315 1714 371 1751 illi
402 1719 442 1752 et
471 1717 678 1764 quotquot
706 1711 916 1750 Laertium
950 1711 1038 1748 siue
1068 1711 1269 1749 misellum
1300 1710 1597 1761 conpilatorem
1627 1710 1726 1755 siue,

316 1787 360 1819 ut
380 1779 583 1819 Roethius
604 1778 968 1827 I-ieidelbergensis
997 1778 1157 1815 solebat
1184 1778 1427 1823 humaniter,
1460 1777 1618 1816 asinum
1638 1789 1728 1827 ger·

315 1859 482 1886 manum
512 1846 762 1894 dictitarunt,
808 1845 934 1883 nimio
968 1857 1062 1883 eum
1092 1844 1249 1882 honore
1280 1845 1514 1890 affecerunt,
1560 1845 1640 1894 qui,
1687 1850 1730 1882 ut

315 1927 398 1954 uno
428 1914 556 1952 uerbo
588 1914 733 1958 dicam,
764 1925 816 1951 ne
849 1912 1012 1962 scripsit
1039 1912 1207 1962 quidem
1228 1914 1304 1950 sed
1326 1913 1544 1951 scribenda
1564 1912 1731 1950 librariis

317 1982 530 2021 commisit.
580 1980 758 2020 breuiter
780 1980 1113 2018 obseruationem
1134 1980 1314 2018 indicaui
1345 1992 1484 2030 neque
1504 1980 1730 2018 litterarum

319 2050 578 2099 antiquarum
599 2048 793 2087 historiae
823 2048 1003 2086 inutilem
1033 2054 1076 2085 et
1094 2048 1257 2086 Laertio
1278 2054 1388 2085 recte
1409 2048 1731 2098 interpretand0‚

318 2118 594 2162 emendando,
632 2117 673 2154 in
708 2115 987 2154 testimonium
1017 2115 1255 2153 adhibendo
1286 2115 1577 2154 necessariam.
1627 2126 1730 2164 quae

318 2185 397 2224 etsi
426 2182 780 2222 Wilamowitzium
819 2188 864 2220 ut
899 2194 972 2233 par
1010 2189 1099 2220 erat
1139 2182 1303 2220 minime
1347 2181 1464 2220 latuit
1484 2180 1510 2228 ²,
1555 2181 1732 2232 pluribus

319 2253 470 2292 caussis
504 2253 584 2290 hoc
614 2251 711 2289 mihi
739 2252 830 2289 loco
864 2251 1083 2288 tractanda
1112 2257 1167 2298 et,
1208 2250 1321 2300 quod
1353 2249 1542 2287 codicum
1572 2249 1731 2287 indiciis

319 2334 403 2359 non
434 2320 633 2370 ambiguis
667 2319 848 2357 futurum
880 2330 1015 2369 spero,
1047 2319 1103 2355 ad
1132 2318 1332 2368 liquidum
1360 2317 1626 2367 perducenda
1654 2323 1730 2356 est.

433 2388 474 2425 in
504 2387 614 2425 omni
638 2386 942 2436 disciplinarum
972 2396 1125 2435 genere
1157 2390 1322 2422 constat
1353 2385 1448 2422 olim
1480 2391 1731 2422 commenta-

318 2455 403 2494 rios
440 2455 542 2506 illos‚
583 2454 653 2505 qui
693 2454 944 2492 discentibus
984 2458 1055 2491 aut
1089 2453 1170 2490 cito
1207 2452 1365 2490 sciendi
1400 2451 1559 2501 cupidis
1595 2450 1731 2501 scripti

321 2528 447 2569 erant,
479 2535 503 2561 a
533 2522 667 2560 doctis
689 2521 996 2573 possessoribus
1018 2527 1229 2571 tamquam
1256 2531 1351 2558 suos
1372 2519 1535 2558 habitos
1566 2524 1610 2557 et
1638 2530 1731 2556 cum.

442 2678 457 2712 1
488 2688 532 2711 an
556 2687 600 2711 1x
630 2676 699 2711 116
723 2677 760 2710 in
787 2678 928 2710 nomine
953 2676 1166 2720 Σαρπηδών
1191 2675 1276 2708 latet
1301 2673 1525 2718 zapautwv?

440 2736 463 2771 2
487 2737 570 2770 uide
598 2737 674 2769 eius
698 2736 829 2769 librum
855 2737 898 2769 de
912 2737 1095 2777 Antigono
1111 2735 1272 2778 Carystio
1299 2734 1585 2776 (Philologisclze
1609 2738 1729 2766 unter—

320 2796 538 2838 suchungen
565 2801 587 2828 t.
617 2803 658 2828 lv
684 2795 804 2829 Berol.
833 2794 940 2839 1881)
967 2806 1001 2838 p.
1018 2794 1088 2829 324
1103 2805 1154 2837 sq.
1181 2795 1261 2828 adn.
