1842 3250
199 235 267 269 174
559 237 803 270 EPICVRVS
829 237 897 270 DE
923 237 1250 271 PHILOSOPHIS

195 360 292 394 φησι
314 351 531 395 φιλόσοφον
558 352 648 387 οὔτε
675 351 789 393 αὐτὸς
816 350 1069 395 (Ἐπίκουρος)
1094 351 1183 386 οὔτε
1200 351 1424 395 Ἕρμαρχος·
1448 350 1492 385 ὃν
1516 349 1608 385 ἔνιοί

197 425 292 458 φασι
318 417 379 450 καί
397 416 682 460 Ἀπολλόδωρος
706 417 729 451 ὁ
756 416 1008 460 Ἐπικούρειος
1032 416 1260 451 διδάσκαλον
1278 414 1522 460 Δημοκρίτου
1548 425 1608 457 γε·

196 481 389 523 τενῆσθαι.

103 561 174 596 233
319 560 461 596 emmo
488 562 534 594 de
559 570 628 596 naz.
647 551 747 595 deo'r.
771 569 786 595 1
811 561 870 600 26,
889 562 935 596 72
961 561 1048 595 ‘ista
1075 573 1094 595 a
1119 562 1225 595 uobis
1251 562 1353 604 quasi
1379 555 1508 596 dietata
1534 560 1611 595 red-

200 626 330 659 duntur
358 637 450 669 quae
475 626 652 670 Epicurus
681 627 837 660 oscitans
865 626 1088 660 halucinatus
1116 632 1180 666 est,
1207 637 1285 659 cum
1312 625 1455 669 quidem
1482 625 1611 667 gloria·
1634 633 1649 658 5

200 696 305 729 retur,
332 695 370 723 ut
395 690 559 724 uidemus
586 691 622 723 in
650 692 802 734 scriptis,
830 701 868 723 se
893 691 1101 733 magistrum
1126 691 1297 724 habuisse
1325 690 1473 723 nullum.
1513 716 1519 724 .
1543 716 1550 724 .
1572 716 1579 723 .
1602 715 1610 723 .

198 755 430 788 Xenocraten
457 756 582 788 audire
605 756 721 798 potuit
747 780 755 789 .
773 780 782 788 .
802 781 809 789 .
838 758 873 789 et
899 761 982 788 sunt
1008 756 1068 798 qui
1095 760 1219 799 putent
1245 755 1408 788 audisse:
1435 755 1511 799 ipse
1540 765 1611 788 non

199 820 289 859 uolt,
327 821 435 852 credo
467 820 548 863 plus
576 819 720 854 nemini.
772 820 998 865 Pamphilum
1023 821 1199 864 quendam
1224 819 1388 852 Platonis
1414 819 1611 853 auditorem

201 884 250 919 ait
275 895 295 916 a
317 895 355 917 se
374 885 468 918 Sami
495 885 671 918 auditum:
698 884 749 918 ibi
776 886 869 918 enim
896 886 1107 918 adulescens
1134 885 1318 919 habitabat
1344 895 1422 917 cum
1451 889 1549 927 patre
1576 889 1612 916 et

201 948 380 991 fratribus,
414 949 512 992 quod
544 950 581 983 in
614 960 690 983 eam
723 955 824 993 pater
856 950 931 983 eius
959 950 1118 983 Neocles
1151 950 1308 993 agripeta
1342 954 1505 986 ueneratf
1547 947 1611 980 sed
1639 955 1669 978 ιο

200 1023 279 1045 eum
312 1012 452 1054 agellus
484 1023 563 1046 eum
599 1024 670 1046 non
705 1014 790 1046 satis
827 1013 949 1053 aleret,
988 1019 1026 1047 ut
1051 1013 1192 1058 opinor,
1230 1013 1308 1046 ludi
1339 1015 1510 1055 magister
1535 1012 1610 1047 fuit.

202 1077 265 1110 sed
298 1077 390 1111 hunc
425 1077 650 1111 Platonicum
687 1077 830 1111 mirifice
863 1078 1058 1112 contemnit
1093 1078 1288 1122 Epicurus:
1331 1078 1380 1111 ita
1411 1076 1536 1110 metuit
1569 1088 1613 1109 ne

201 1140 287 1185 quid
313 1153 478 1186 umquam
507 1142 678 1176 didicisse
705 1142 878 1176 uideatur.
933 1143 975 1176 In
1003 1142 1235 1187 Nausiphane
1263 1142 1493 1175 Democriteo
1518 1147 1615 1175 tene·

200 1211 272 1239 tur:
302 1216 408 1251 quem
433 1217 510 1240 cum
538 1218 557 1240 a
584 1218 622 1240 se
648 1217 721 1240 uon
747 1212 852 1248 neget
879 1207 1049 1247 auditum,
1076 1212 1181 1239 uexat
1205 1212 1322 1240 tamen
1347 1207 1513 1239 omnibus
1532 1215 1615 1238 con·

200 1271 370 1305 tumeliis.
420 1272 519 1315 atqui
551 1273 581 1304 si
612 1271 700 1306 haec
725 1272 954 1305 Democritea
988 1282 1060 1305 non
1100 1271 1273 1309 audisset,
1312 1270 1399 1314 quid
1433 1269 1614 1303 audierat?
1639 1277 1671 1304 15

200 1335 288 1378 quid
320 1340 375 1368 est
398 1335 436 1368 in
464 1335 620 1380 physicis
645 1336 793 1380 Epicuri
825 1346 897 1369 non
923 1347 942 1368 a
966 1336 1196 1369 Democrito?
1237 1345 1316 1368 nam
1348 1334 1415 1367 etsi
1441 1333 1615 1376 quaedam

201 1400 432 1433 commutauit
455 1406 496 1434 ut
520 1402 618 1444 quod
643 1401 767 1445 paullo
795 1405 876 1434 ante
902 1401 948 1433 de
972 1400 1206 1434 inclinatione
1232 1405 1431 1432 atomorum
1454 1399 1539 1437 dixi,
1566 1404 1615 1431 ta-

201 1474 282 1497 men
307 1463 478 1511 pleraque
507 1465 593 1499 dicit
620 1466 757 1505 eadem,
784 1472 922 1500 atomos
948 1465 1052 1498 inane
1077 1465 1263 1508 imagines,
1288 1463 1498 1497 infinitatem
1517 1463 1615 1496 loco·

201 1539 277 1561 rum
300 1515 729 1573 innumerabilitatemque
754 1530 978 1570 mundorum,
1012 1541 1135 1564 eorum
1160 1535 1259 1564 ortus
1284 1529 1460 1567 interitus,
1496 1527 1615 1562 omnia

201 1592 276 1626 sere
301 1593 434 1638 quibus
459 1600 605 1628 naturae
633 1595 723 1628 ratio
753 1594 982 1629 continetur'.
1638 1605 1672 1630 ἰο

202 1655 465 1693 ΡΙΝΤΑιιοΕνε
489 1665 612 1692 eontra
637 1659 783 1703 Epicuri
809 1660 1067 1693 beatitudinem
1099 1657 1141 1692 18
1167 1670 1202 1703 p.
1225 1658 1333 1693 1100·
1361 1656 1615 1701 (Ἐπίκουρος)

203 1722 307 1757 οὕτω
342 1724 525 1767 σπαργῶν
553 1727 768 1768 περιμανῶς
803 1725 864 1759 καὶ
894 1724 1104 1770 σφαδᾴζων
1141 1724 1235 1768 πρὸς
1267 1724 1382 1758 δόξαν
1421 1723 1515 1764 ὥςτε
1550 1749 1586 1757 ..
1606 1749 1614 1757 .

203 1786 455 1830 ἀπολέγεσθαι
480 1789 571 1831 τοὺς
596 1789 822 1833 καθηγητὰς.

107 1873 180 1908 234
325 1868 469 1904 CICERO
495 1871 539 1902 de
565 1870 696 1903 finibus
722 1877 736 1903 1
763 1870 797 1914 6,
820 1871 860 1903 17
888 1870 942 1903 ‘in
965 1870 1136 1915 physicis,
1161 1869 1291 1914 quibus
1319 1870 1468 1902 maxime
1486 1868 1616 1911 gloria·

204 1938 270 1972 tur,
297 1934 446 1977 primum
472 1939 570 1967 totus
596 1939 651 1967 est
677 1935 814 1967 alienus
833 1933 1058 1979 (Epicurus):
1084 1935 1313 1968 Democritea
1331 1933 1419 1967 dicit
1436 1943 1616 1978 perpauca
1639 1942 1672 1968 25

299 2130 301 2132 -
325 2112 349 2145 6
372 2112 420 2145 cf.
447 2111 488 2145 fr.
511 2110 589 2144 123.
615 2110 699 2143 hinc
717 2111 895 2144 Eusebius
922 2121 1042 2156 praep.
1070 2121 1124 2146 eu.
1142 2117 1215 2145 xlv
1241 2111 1300 2150 20,
1323 2110 1365 2145 14
1389 2121 1425 2154 p.
1443 2109 1529 2144 768⁰
1557 2108 1615 2145 λέ-

204 2176 311 2213 γεται
336 2171 378 2205 δὲ
401 2172 423 2205 ὁ
440 2168 659 2214 Ἐπίκουρος
684 2169 759 2204 ὑπὸ
785 2170 853 2211 μέν
878 2180 994 2204 τινων
1018 2169 1181 2213 μηδενὸς
1206 2169 1421 2213 ἀκηκοέναι,
1447 2169 1618 2212 ἐντυχεῖν

206 2230 248 2264 δὲ
272 2232 352 2272 τοῖς
377 2231 456 2264 τῶν
482 2231 653 2264 παλαιῶν
678 2228 963 2272 συγγράμμασιν
1011 2230 1017 2272 ι
1064 2229 1085 2262 7
1111 2229 1157 2263 ef.
1183 2229 1299 2263 Laert.
1326 2237 1353 2262 x
1383 2229 1396 2262 1
1435 2227 1616 2263 ὀκτωκαι-

206 2289 341 2332 δεκέτη
376 2289 408 2323 δ’
442 2288 564 2325 ἐλθεῖν
600 2286 652 2329 εἰς
683 2287 859 2331 Ἀθήνας,
898 2287 1160 2333 Ξενοκράτους
1195 2288 1262 2331 μὲν
1299 2288 1340 2323 ἐν
1373 2285 1615 2331 Ἀκαδημείᾳ,

206 2347 490 2392 Ἀριστοτέλους
508 2345 540 2381 δ’
559 2347 599 2382 ἐν
617 2346 767 2383 Χαλκίδι
794 2347 1061 2392 διατρίβοντος,
1089 2348 1139 2382 ib.
1161 2347 1201 2382 13
1230 2346 1449 2391 Δημήτριος
1476 2346 1517 2380 δέ
1543 2354 1616 2388 φη-

207 2415 266 2442 σιν
293 2407 314 2442 ὁ
340 2405 499 2450 Μάγνης
526 2407 587 2441 καὶ
611 2405 874 2451 Ξενοκράτους
899 2407 1017 2441 αὐτὸν
1044 2405 1204 2442 ἀκοῦσαι
1232 2405 1412 2439 Eusebius
1438 2405 1462 2439 1.
1488 2415 1516 2438 s.
1541 2403 1616 2439 ὑπό

206 2475 324 2500 τινων
357 2464 389 2500 δ’
419 2465 478 2500 ὅτι
508 2465 650 2508 ἤκουσε
681 2465 954 2510 Ξενοκράτους,
993 2466 1157 2510 ὕστερον
1185 2464 1229 2500 δὲ
1262 2465 1323 2499 καί
1350 2460 1617 2507 Ναυσιφάνους

207 2527 277 2558 τοῦ
309 2523 519 2568 Πύρρωνος
555 2525 764 2567 γενομένου
800 2523 994 2568 γνωρίμου
1053 2525 1060 2567 Ι
1121 2524 1145 2558 8
1173 2524 1217 2558 cf.
1243 2524 1361 2557 Laert.
1388 2531 1413 2556 x
1446 2524 1486 2556 14
1524 2535 1541 2552 t
1575 2521 1617 2557 δέ

207 2591 325 2627 φησιν
358 2583 399 2619 ἐν
429 2586 485 2628 τῷ
510 2583 732 2628 Ἐπικούρου
763 2583 832 2630 βίῳ
859 2611 865 2619 .
888 2612 895 2618 .
915 2610 923 2619 .
951 2583 1111 2619 ἀκοῦσαι
1139 2601 1183 2608 -
1209 2582 1326 2618 αὐτὸν
1354 2600 1401 2607 -
1425 2583 1487 2617 καὶ
1509 2578 1616 2623 Παμ·

206 2639 321 2684 φίλου
346 2644 417 2676 τοῦ
441 2641 692 2678 Πλατωνικοῦ
719 2643 759 2678 ἐν
786 2643 898 2688 Σάμῳ
949 2643 956 2685 Ι
1006 2642 1049 2677 16
1067 2653 1119 2686 sq.
1144 2642 1189 2676 ef.
1220 2642 1262 2675 fr.
1281 2641 1352 2676 234
1378 2651 1456 2673 cum
1484 2641 1617 2678 adnot„

206 2700 391 2734 Hirzeiius
416 2706 556 2736 unters.
581 2713 623 2735 su
653 2701 795 2735 Ciceros
812 2703 910 2746 plu‘l.
937 2703 1055 2736 schrr.
1081 2709 1094 2735 1
1121 2712 1156 2744 p.
1178 2700 1244 2734 108
1260 2711 1311 2743 sq.
1360 2700 1366 2742 Ι
1422 2699 1464 2733 18
1489 2701 1619 2732 inanes

206 2759 309 2795 iibri:
336 2766 532 2795 correctum
559 2760 645 2794 olim
677 2760 694 2805 u
727 2761 772 2795 25
798 2761 843 2794 cf.
867 2761 912 2794 de
938 2766 1007 2794 nat.
1032 2759 1130 2792 deor.
1156 2766 1171 2792 1
1196 2758 1254 2797 43,
1273 2759 1340 2793 120
1363 2756 1618 2797 ‘Democritus,
