1842 3250
176 871 246 905 238

174 1273 244 1307 239

172 1881 239 1916 241

278 229 344 261 17ss
638 228 883 261 EPICVRVS
908 229 975 261 DF.
1001 228 1332 263 PHILOSOPHIS

273 342 431 384 λόμενος
471 341 739 384 εὐφημότατος
776 341 927 385 ἀνδρῶν
967 340 1161 384 φαίνεται·
1203 341 1251 376 τὰ
1288 342 1361 385 γὰρ
1396 342 1437 376 ἐν
1475 342 1690 385 ἀνθρώποις

272 405 446 449 αἴσχιστα
483 405 633 449 ῥήματα
674 405 982 448 βωμολοχίας
1019 407 1359 449 ληκυθισμοὺς
1396 406 1690 448 ἀλαῑονείας

273 470 538 514 ἑταιρήσεις
565 470 896 513 ἀνδροφονίας,
922 471 1213 513 βαρυστόνου
1225 481 1242 512 ς
1268 471 1597 513 πολυφθόρους
1615 473 1688 513 βα-

275 546 296 578 ρ
304 546 326 569 υ
338 546 354 570 ε
364 546 387 576 γ
397 546 416 569 κ
428 546 444 569 ε
453 546 481 577 φ
494 535 516 569 ά
527 538 546 569 λ
556 546 576 568 0
585 546 606 569 u
616 545 633 576 ς
668 535 949 576 συναγαγόντες
975 535 1259 578 Ἀριστοτέλους
1290 536 1352 570 καί
1377 536 1603 579 Σωκράτους
1628 537 1689 571 καὶ

272 599 504 643 Πυθαγόρου
532 601 593 634 καὶ
620 598 883 643 Πρωταγόρου
915 600 975 634 καὶ
1002 599 1253 643 Θεοφράστου
1280 601 1342 634 καὶ
1359 599 1602 644 Ἡρακλείδου
1629 602 1690 635 καὶ
1716 610 1732 636 5

272 663 474 707 Ἱππάρχου
501 665 563 698 καὶ
589 664 693 706 τίνος
718 664 791 708 γὰρ
819 664 902 707 οὐχὶ
930 666 1009 698 τῶν
1036 664 1235 707 ἐπιφανῶν
1261 665 1554 699 κατεσκέδασαν.

274 730 318 763 cs.
337 730 432 761 idem
451 730 534 762 adu.
554 728 707 761 Coloten
733 728 778 762 29
806 739 841 772 p.
861 729 968 761 1124⁶
996 730 1177 772 σοφισταὶ
1203 729 1244 763 δέ
1271 728 1342 764 εἰσι
1369 731 1430 763 καὶ
1456 729 1635 771 ἀλαζόνες
1653 729 1689 764 οἱ

272 793 367 837 πρὸς
385 794 524 836 ἄνδρας
543 792 764 835 ἐλλογίμους
780 793 903 835 οὕτως
923 793 1092 835 ἀσελγῶς
1110 795 1170 828 καὶ
1189 794 1446 838 ὑπερηφάνως
1463 795 1687 838 γράφοντες.

394 868 591 903 LAER'HVS
619 869 727 903 ono.
748 878 773 902 x
793 871 814 903 8
841 871 932 912 τοὺς
959 881 1001 905 τε
1028 872 1112 914 περὶ
1130 871 1322 905 Πλάτωνα
1342 870 1581 914 (Ἐπίκουρος
1605 870 1688 905 ἑκά-

270 935 341 978 λει)
369 935 784 976 Διονυσοκόλακας
811 936 871 969 καὶ
898 935 1016 969 αὐτὸν
1039 935 1232 970 Πλάτωνα
1259 939 1464 979 χρυσοῦν
1492 962 1555 970 ...
1583 935 1688 979 Ἡρά-
1716 946 1748 971 10

271 1000 417 1034 κλειτόν
451 1010 493 1034 τε
528 1011 579 1034 κυ
591 1000 736 1042 κητὴν
778 1000 838 1034 καὶ
874 1000 1118 1043 Δημόκριτον
1152 1000 1271 1043 Ληρό
1281 1011 1330 1043 κρ
1340 1010 1439 1034 ιτον
1476 1001 1537 1034 καί
1573 999 1688 1034 Ἀντί-

271 1064 395 1107 δωρον
422 1063 719 1108 Σαννίδωρον
751 1065 841 1106 τούς
874 1075 916 1100 τε
943 1065 1118 1106 κυνικοὺς
1151 1064 1345 1108 ἐχθροὺς
1376 1067 1456 1106 τῆς
1481 1064 1691 1106 Ἑλλάδος

270 1130 330 1163 καὶ
356 1130 446 1170 τοὺς
473 1130 730 1171 διαλεκτικοὺς
762 1132 944 1172 πολυφθ
954 1130 1108 1173 όρους,
1149 1128 1341 1174 Πύρρωνα
1371 1130 1412 1164 δὲ
1447 1128 1501 1172 ἀμ
1511 1131 1596 1171 αθῆ
1629 1131 1688 1164 καὶ

270 1194 293 1228 ἀ
302 1204 329 1227 π
337 1205 360 1228 α
369 1193 380 1228 ί
389 1195 409 1228 δ
418 1205 434 1229 ε
445 1205 466 1228 υ
476 1205 497 1228 τ
507 1205 567 1229 ον.

392 1269 653 1304 PLVTARCHVS
672 1271 752 1305 adu.
771 1272 925 1304 Coloten
943 1271 989 1305 26
1009 1283 1043 1315 p.
1059 1271 1171 1305 1121ρ
1195 1274 1266 1305 τοῦ
1292 1271 1332 1305 δὲ
1351 1269 1593 1313 Ἀρκεσιλάου
1619 1270 1686 1304 τὸν
1713 1281 1746 1307 15

269 1335 488 1379 Ἐπίκουρον
523 1336 569 1371 οὐ
606 1335 764 1379 μετρίως
800 1336 923 1370 ἔοικεν
958 1337 981 1379 ἡ
1015 1336 1104 1370 δόξα
1139 1337 1386 1379 παραλυπεῖν,
1426 1335 1466 1369 ἐν
1493 1337 1572 1376 τοῖς
1599 1334 1688 1369 τότε

270 1401 419 1444 χρόνοις
448 1401 609 1442 μάλιστα
635 1403 713 1434 τῶν
740 1401 967 1443 φιλοσόφων
994 1400 1278 1443 ἀγαπηθέντος·
1321 1399 1463 1443 μηθὲν
1494 1399 1580 1442 γὰρ
1610 1399 1685 1433 αὐ-

269 1466 348 1499 τὸν
381 1465 502 1499 ἴδιον
537 1466 733 1507 λέγοντα
768 1467 884 1508 φησὶν
918 1465 1152 1508 ὑπόληψιν
1192 1465 1402 1506 ἐμποιεῖν
1440 1465 1512 1498 καὶ
1550 1463 1686 1498 δόξαν

269 1529 531 1573 ἀνθρώποις
557 1530 889 1573 ἀγραμμάτοις,
918 1530 984 1565 ἅτε
1003 1531 1049 1573 δὴ
1068 1530 1388 1573 πολυγράμματος
1414 1529 1529 1570 αὐτὸς
1547 1529 1601 1562 ὢν
1627 1529 1686 1562 καί

269 1595 572 1636 μεμουσωμένος.
1709 1603 1743 1628 20

390 1669 586 1705 mewvs
612 1670 722 1705 Dmo.
750 1679 775 1702 x
807 1671 849 1704 12
889 1671 1049 1713 μάλιστα
1077 1670 1109 1704 δ’
1137 1670 1356 1713 ἀπεδέχετο,
1390 1670 1484 1713 φησὶ
1511 1669 1686 1711 Διοκλῆς,

267 1738 346 1769 τῶν
373 1735 541 1779 ἀρχαίων
568 1736 821 1779 Ἀναξαγόραν
858 1736 918 1770 καί
949 1747 1009 1770 τοι
1036 1736 1076 1770 ἔν
1103 1744 1201 1770 τισιν
1228 1735 1461 1778 ἀντειρηκὼς
1494 1734 1600 1778 αὐτῷ
1626 1735 1685 1768 καὶ

266 1799 470 1843 Ἀρχέλαον
495 1801 564 1834 τὸν
592 1800 818 1844 Σωκράτους
845 1800 1084 1835 διδάσκαλον.

389 1874 585 1910 menvs
605 1875 714 1911 onG.
734 1885 761 1909 x
779 1877 823 1910 23
857 1877 994 1918 γέγονε
1013 1876 1054 1912 δὲ
1074 1875 1368 1920 (Μητρόδωρος)
1388 1875 1529 1917 ἀγαθὸς
1547 1874 1683 1918 πάντα,

268 1941 366 1976 καθὰ
392 1942 453 1975 καὶ
475 1939 692 1985 Ἐπίκουρος
719 1941 759 1975 ἑν
785 1942 1091 1984 προηγουμέναις
1115 1944 1280 1985 γραφαῖς
1306 1943 1494 1984 μαρτυρεῖ.
1707 1949 1741 1974 2³

388 2051 410 2085 3
443 2050 653 2094 ἑταιρήσεις
685 2051 728 2084 cs.
762 2052 800 2083 fr.
822 2051 891 2084 236
924 2051 1071 2094 πόρνην
1109 2050 1117 2095 1
1156 2050 1414 2095 βαρυστόνους
1445 2061 1479 2093 p.
1502 2050 1581 2093 136,
1603 2050 1643 2083 19
1679 2048 1688 2094 ί

266 2111 288 2143 4
315 2110 599 2153 Ἀριστοτέλους
626 2110 669 2143 cf.
697 2111 737 2143 fr.
760 2111 824 2143 171
849 2111 856 2152 Ῑ
879 2109 1105 2153 Σωκράτους
1131 2111 1176 2144 cf.
1197 2111 1238 2144 fr.
1257 2111 1324 2143 231
1375 2108 1381 2155 1
1428 2110 1448 2143 5
1476 2109 1684 2153 Πρωταγό-

267 2180 337 2212 ρου
362 2171 406 2203 cs.
427 2170 467 2202 fr.
488 2170 555 2203 172
571 2180 623 2212 sq.
647 2170 653 2211 i
676 2167 928 2212 Θεοφράστου
947 2170 992 2202 cs.
1011 2181 1044 2212 p.
1067 2170 1129 2203 101
1149 2180 1201 2213 sq.
1224 2169 1231 2212 ξ
1253 2168 1495 2212 Ἡρακλείδου
1520 2169 1564 2201 cf.
1584 2169 1624 2202 fr.
1642 2169 1683 2202 16

267 2239 302 2272 p.
321 2229 379 2267 97,
401 2228 444 2262 12
502 2227 508 2272 Ι
567 2229 587 2261 7
616 2228 704 2260 haec
735 2228 868 2271 probra
901 2228 1032 2270 regerit
1057 2228 1113 2262 Pl.
1139 2228 1260 2261 Coloti
1287 2228 1347 2272 qui
1375 2239 1416 2260 ea
1441 2227 1477 2260 in
1502 2228 1684 2260 Socratem

266 2287 399 2319 iecerat
426 2286 487 2328 (cs.
513 2287 561 2320 20
584 2298 618 2330 p.
637 2286 758 2321 lllSd.
790 2287 832 2321 18
857 2298 892 2331 p.
912 2286 1038 2331 1117‘1)
1062 2288 1066 2330 Ι
1089 2289 1201 2329 tangit
1223 2287 1279 2321 Pl.
1305 2288 1410 2320 simul
1438 2298 1517 2320 cum
1542 2287 1683 2325 Colote,

267 2357 286 2379 a
311 2356 383 2389 quo
410 2346 638 2379 Arcesilaum
663 2351 829 2379 uexatum
855 2357 961 2387 aegre
985 2346 1064 2385 fert,
1092 2347 1198 2379 etiam
1225 2347 1418 2390 Epicurum
1470 2344 1488 2392 ΙΙ
1541 2346 1563 2379 9
1589 2352 1683 2379 ante-

267 2405 363 2438 cedit
388 2405 429 2438 fr.
448 2405 520 2438 236
558 2404 567 2448 1
603 2404 813 2437 Platonicos
846 2405 931 2437 dicit
964 2414 1027 2437 eos
1054 2405 1117 2448 qui
1142 2416 1221 2437 cum
1247 2405 1399 2437 Platone
1426 2406 1463 2437 in
1489 2405 1570 2436 aula
1596 2405 1683 2437 Dio-

266 2464 360 2506 nysii
385 2471 414 2497 11
439 2465 571 2497 uersati
599 2473 680 2497 sunt
717 2465 724 2505 1
767 2464 810 2497 10
835 2464 1024 2496 intercedit
1051 2464 1092 2497 fr.
1114 2464 1179 2497 171
1202 2469 1236 2496 et
1258 2464 1325 2497 172
1371 2465 1377 2506 Ι
1427 2464 1469 2497 12
1495 2462 1682 2498 Σαννίδω-

264 2532 335 2565 ρον
354 2522 395 2556 fr.
410 2522 431 2555 4
453 2524 459 2564 Ι
482 2523 658 2564 κυνικοὺς
675 2523 872 2555 Reinesius
891 2533 965 2555 uar.
984 2523 1065 2555 lect.
1081 2529 1128 2556 111
1143 2522 1164 2555 2
1179 2533 1212 2565 p.
1224 2522 1310 2556 332:
1331 2523 1553 2565 κυζικηνοὺς
1571 2523 1653 2554 libri
1680 2521 1685 2567 Ι

270 2581 312 2614 13
331 2581 601 2624 πολυφθόρους
619 2582 754 2614 Bakius
774 2582 818 2613 ad
839 2581 974 2615 Cleom.
993 2591 1029 2624 p.
1046 2581 1113 2615 434
1133 2581 1177 2614 cl.
1198 2583 1237 2614 fr.
1253 2581 1339 2615 237:
1369 2583 1682 2625 πολυφθονεροὺς

266 2639 350 2672 libri
392 2638 407 2683 Η
448 2640 494 2674 24
521 2641 565 2673 cs.
594 2641 634 2674 fr.
653 2642 711 2674 73.
730 2641 787 2674 37.
812 2640 951 2674 192-—4
988 2641 996 2682 1
1033 2641 1078 2674 25
1102 2639 1277 2684 γραφαῖς]
1304 2640 1441 2683 γράφει
1468 2641 1563 2673 libri.
1591 2651 1681 2684 προ-

266 2698 480 2741 ηγουμένας
496 2699 646 2742 γραφὰς
671 2701 707 2732 ni
727 2699 835 2732 fallor
851 2700 1035 2743 prooemia
1054 2700 1140 2732 dicit
1159 2700 1344 2739 librorum,
1372 2700 1503 2743 quibus
1523 2705 1577 2732 sat
1594 2700 1682 2733 mul-

266 2758 310 2789 tis
329 2759 395 2801 Ep.
414 2759 659 2792 Metrodorum
689 2759 878 2792 adlocutus
906 2763 979 2791 erat
1006 2759 1050 2792 cs,
1076 2769 1182 2803 supra
1200 2769 1234 2803 p.
1250 2758 1380 2803 82,25.
1406 2759 1465 2799 86,
1480 2760 1512 2794 9.
1542 2759 1620 2799 128,
1637 2760 1681 2794 28

1815 2970 1827 3060 *ems-
