1842 3250
247 223 288 256 st.
315 222 386 256 397
741 223 947 255 EPICVRI
981 224 1170 256 ETHICA
1590 225 1658 258 269

246 334 450 378 uoluptate;
492 335 588 367 idem
621 336 725 367 etiam
760 336 922 368 dolorem
959 347 1065 379 saepe
1100 338 1358 380 perpetiuntur,
1397 349 1441 370 ne
1467 340 1496 371 si
1523 339 1560 371 id
1588 351 1659 372 non

246 398 388 438 faciant,
427 400 585 432 incidant
613 400 649 432 in
676 400 855 434 maiorem.
911 412 950 432 ex
980 412 1050 444 quo
1078 402 1301 443 intellegitur
1330 413 1394 435 nec
1425 404 1659 447 intemperan-

246 463 329 495 tiam
353 469 499 507 propter
528 474 566 496 se
594 475 673 496 esse
700 465 905 506 fugiendam
931 467 1270 510 temperantiamque
1303 469 1550 510 expetendam,
1589 480 1660 501 non

205 538 221 563 4
245 528 330 570 quia
355 528 561 572 uoluptates
587 529 711 570 fugiat,
738 530 802 561 sed
829 531 912 573 quia
940 531 1091 563 maiores
1117 537 1367 574 consequatur.

159 600 222 633 (49)
294 593 417 625 eadem
437 593 657 625 fortitudinis
685 594 773 626 ratio
803 595 1007 637 reperietur.
1035 606 1114 627 nam
1135 606 1250 639 neque
1276 596 1439 629 laborum
1458 597 1657 640 perfunctio
1683 607 1708 625 c.
1731 601 1761 624 15

244 667 359 700 neque
385 658 571 701 perpessio
599 657 765 690 dolorum
791 669 855 701 per
884 670 921 691 se
947 660 1026 702 ipsa
1052 660 1166 692 allicit
1193 671 1259 693 nec
1285 662 1455 704 patientia
1481 672 1545 694 nec
1572 662 1658 694 assi-

244 721 362 753 duitas
392 732 457 754 nec
490 722 639 763 uigiliae
672 732 737 754 nec
769 723 849 766 ipsa
882 734 970 766 quae
998 724 1162 756 laudatur
1187 725 1374 764 industria,
1415 736 1457 757 ne
1484 727 1657 759 fortitudo

243 785 403 828 quidem:
433 786 498 818 sed
524 786 593 818 ista
618 787 811 830 sequimur,
839 792 875 819 ut
902 788 978 820 sine
1006 799 1088 820 cura
1110 795 1277 832 metuque
1303 791 1464 822 uiuamus
1491 792 1658 824 animum-

243 860 312 893 que
340 854 375 882 et
402 861 543 894 corpus,
581 857 751 894 quantum
778 852 919 886 erficere
944 853 1137 895 possimus,
1172 854 1339 887 molestia
1364 855 1568 889 liberemus.
1621 863 1658 889 ut

188 924 220 948 ιο
244 915 336 947 enim
363 916 485 948 mortis
513 921 606 948 metu
636 918 751 949 omnis
779 917 919 960 quietae
946 918 1041 950 uitae
1070 924 1181 951 status
1208 920 1446 962 perturbatur,
1474 926 1508 953 et
1526 926 1564 953 ut
1583 932 1658 953 suc-

243 979 410 1012 cumbere
433 978 622 1011 doloribus
651 989 786 1023 eosque
804 980 931 1012 humili
959 981 1075 1013 animo
1102 981 1359 1025 imbecilloque
1379 983 1470 1015 ferre
1492 983 1658 1016 miserum

243 1049 307 1082 est,
335 1044 383 1076 ob
411 1053 560 1086 eamque
579 1043 803 1076 debilitatem
831 1045 937 1076 animi
963 1045 1064 1076 multi
1083 1050 1260 1088 parentes,
1287 1046 1389 1079 multi
1417 1048 1561 1088 amicos,
1588 1059 1658 1081 non

242 1108 333 1141 nulli
364 1109 524 1167 patria'm,
557 1109 721 1151 plerique
748 1113 864 1141 autem
893 1120 930 1141 se
957 1110 1056 1152 ipsos
1084 1111 1225 1152 penitus
1251 1112 1494 1154 perdiderunt,
1528 1114 1577 1146 sic
1605 1125 1660 1147 ro-

241 1173 368 1205 bustus
401 1173 538 1205 animus
567 1178 600 1205 et
629 1174 790 1206 excelsus
824 1175 921 1206 omni
954 1181 1007 1206 est
1044 1175 1136 1207 liber
1165 1186 1248 1208 cura
1274 1181 1308 1208 et
1336 1187 1479 1218 angore,
1519 1188 1597 1210 cum
1625 1184 1659 1211 et

177 1240 217 1268 'it-
242 1241 392 1270 mortem
423 1237 631 1275 contemnit,
671 1248 741 1280 qua
767 1238 826 1280 qui
860 1238 990 1270 adfecti
1019 1244 1099 1271 sunt
1125 1240 1160 1270 in
1188 1240 1311 1271 eadem
1345 1251 1449 1273 causa
1483 1247 1564 1274 sunt
1590 1253 1659 1285 qua

240 1306 322 1334 ante
348 1312 452 1345 quam
478 1303 562 1340 nati,
604 1306 638 1334 et
665 1302 709 1334 ad
736 1302 883 1335 dolores
909 1303 957 1334 ita
983 1308 1125 1346 paratus
1154 1311 1218 1342 est,
1259 1310 1297 1337 ut
1321 1306 1520 1338 meminerit
1553 1299 1665 1339 maxi?

239 1377 317 1399 mos
343 1371 457 1399 morte
483 1366 588 1403 finiri,
630 1377 759 1409 paruos
786 1367 896 1399 multa
924 1367 1057 1400 habere
1084 1369 1272 1401 interualla
1303 1370 1485 1412 requietis,
1522 1371 1658 1403 medio—

240 1432 349 1464 crium
376 1442 441 1463 nos
469 1442 548 1464 esse
576 1432 753 1470 dominOS,
796 1437 833 1464 ut
859 1432 888 1464 si
915 1433 1124 1465 tolerabiles
1152 1434 1232 1471 sint,
1271 1434 1436 1469 feramus.
1473 1435 1502 1466 si
1529 1434 1657 1474 minus,

239 1497 355 1528 animo
384 1505 499 1538 aequo
527 1505 546 1528 e
573 1496 657 1533 uita.
688 1506 766 1528 cum
795 1507 835 1528 ea
862 1507 934 1529 non
960 1497 1109 1538 placeat,
1144 1502 1321 1540 tamquam
1347 1508 1365 1529 e
1392 1498 1529 1531 theatro
1558 1510 1658 1531 exea—

181 1567 215 1592 ‘20
241 1570 329 1594 mus.
366 1560 496 1603 quibus
523 1560 632 1592 rebus
657 1560 878 1600 intellegitur
905 1571 968 1592 nec
995 1561 1221 1593 timiditatem
1247 1561 1496 1604 ignauiamque
1522 1563 1658 1605 uitupe-

241 1625 311 1657 rari
345 1635 410 1657 nec
445 1625 689 1657 fortitudinem
723 1625 1000 1667 patientiamque
1028 1625 1165 1657 laudari
1196 1636 1261 1658 suo
1288 1627 1444 1665 nomine,
1485 1627 1548 1659 sed
1575 1626 1657 1659 illas

241 1689 328 1721 reici
354 1689 436 1733 quia
464 1689 626 1723 dolorem
652 1690 801 1733 pariant,
830 1690 892 1721 has
923 1691 1036 1732 optari
1063 1691 1145 1732 quia
1171 1690 1404 1734 uoluptatem.

152 1760 216 1793 (50)
288 1753 423 1787 iustitia
454 1758 575 1789 restat.
613 1759 652 1786 ut
687 1754 732 1786 de
769 1756 863 1787 omni
897 1755 1028 1786 uirtute
1063 1755 1107 1786 sit
1141 1756 1287 1794 (lictum,
1329 1756 1392 1787 sed
1426 1757 1554 1788 similia
1581 1757 1655 1788 fere
1680 1763 1758 1787 01ss

241 1818 312 1851 diei
337 1825 499 1862 possunt.
551 1823 589 1850 ut
616 1818 709 1850 enim
737 1818 948 1860 sapientiam
980 1821 1244 1862 temperantiam
1278 1820 1523 1852 fortitudinem
1549 1831 1656 1864 copu-

180 1888 214 1914 25
240 1882 330 1915 latas
357 1892 436 1914 esse
471 1881 579 1914 docui
611 1891 688 1913 cum
722 1881 920 1923 uoluptate,
960 1887 998 1913 ut
1031 1882 1075 1914 ab
1104 1893 1144 1914 ea
1171 1882 1272 1914 nullo
1300 1883 1407 1915 modo
1437 1893 1502 1914 nec
1529 1883 1656 1916 diuelli

239 1956 305 1979 nec
329 1946 480 1979 distrahi
499 1946 652 1989 possint,
678 1946 729 1977 sie
756 1946 800 1977 de
827 1946 963 1978 iustitia
987 1946 1215 1978 iudicandum
1242 1952 1306 1985 est,
1334 1958 1424 1990 quae
1449 1957 1521 1979 non
1547 1948 1655 1980 modo

238 2021 429 2054 numquam
463 2016 569 2044 nocet
601 2011 778 2053 cuiquam,
798 2011 883 2042 *sed
917 2017 1039 2042 contra
1074 2021 1213 2054 semper
1238 2013 1393 2053 inpertit
1415 2012 1552 2054 aliquid
1578 2024 1656 2046 cum

239 2085 303 2106 sua
328 2075 365 2107 ui
390 2080 496 2117 atque
522 2079 646 2107 natura
672 2076 771 2117 quod
799 2075 1005 2116 tranquillet
1033 2076 1181 2113 animos,
1210 2082 1283 2107 tum
1307 2086 1382 2119 spe,
1419 2077 1508 2108 nihil
1538 2087 1656 2109 earum

239 2148 354 2171 rerum
374 2139 588 2179 defuturum,
615 2150 703 2182 quas
731 2144 855 2171 natura
880 2150 951 2171 non
980 2141 1171 2182 deprauata
1190 2141 1382 2174 desideret.
1423 2147 1456 2173 et
1480 2152 1585 2184 quem
1612 2143 1656 2174 ad

179 2213 212 2239 30
239 2204 383 2236 modum
408 2205 587 2236 temeritas
616 2209 649 2236 et
676 2204 793 2236 libido
823 2209 856 2236 et
882 2204 1024 2245 ignauia
1051 2215 1190 2247 semper
1214 2205 1367 2237 animum
1396 2206 1596 2238 excruciant
1623 2211 1658 2238 et

237 2278 377 2311 semper
409 2268 607 2301 sollicitant
641 2268 939 2311 turbulentaeque
972 2274 1064 2306 sunt,
1105 2269 1156 2300 sic
1184 2271 1391 2311 inprobitas
1422 2272 1457 2302 si
1488 2271 1587 2302 cuius
1620 2271 1654 2302 in

361 2403 404 2435 15
432 2403 475 2436 cf.
503 2403 544 2435 fr.
565 2402 635 2435 495
683 2402 688 2443 ί
749 2402 791 2434 19
821 2402 863 2433 cf.
891 2401 1127 2433 Philodemus
1156 2402 1201 2433 de
1228 2406 1341 2434 morte
1370 2402 1457 2434 VH¹
1485 2410 1527 2435 IX
1555 2403 1596 2436 fr.
1616 2410 1654 2436 lv

238 2459 427 2503 (Buechel.
453 2472 542 2494 mus.
572 2460 692 2493 Rhen.
725 2468 780 2492 xv
808 2459 873 2492 291
898 2459 966 2502 sq.)
1000 2458 1160 2503 [ὥςξπεῖρ
1189 2458 1389 2503 &kaiam-oq
1419 2459 1567 2494 ἀπιέναι
1594 2471 1655 2502 με-

239 2518 344 2561 στόν,
372 2519 475 2552 floril.
494 2518 1003 2561 Epicteteun1·tVachsmu;hii
1029 2521 1175 2550 studz'en
1200 2530 1228 2551 z.
1256 2520 1289 2551 d.
1310 2530 1373 2561 gr.
1392 2520 1510 2562 flor-il.
1538 2531 1571 2562 p.
1590 2520 1655 2554 185

240 2589 274 2612 n.
298 2579 365 2612 114
390 2578 449 2612 Ἐκ
475 2580 543 2620 τῆς
567 2579 741 2620 εὐτυχὶας
765 2578 889 2621 ὥςπερ
915 2578 955 2611 ὲκ
980 2578 1142 2620 θεάτρου
1167 2578 1332 2619 πολλοὺς
1358 2578 1607 2621 ἐξανέστησεν
1631 2579 1654 2622 ἡ

239 2636 354 2679 Τύχη.
399 2638 502 2670 aliam
531 2638 801 2670 similitudinem
828 2637 942 2669 habes
969 2637 1008 2668 fr.
1032 2636 1101 2670 499
1155 2637 1160 2678 Ἰ
1217 2637 1262 2669 27
1288 2639 1452 2679 impertit
1475 2638 1656 2680 suppleuit

240 2696 440 2728 Muellerus
486 2699 490 2737 1
539 2696 583 2729 29
611 2702 647 2728 et
671 2696 824 2728 restituit
851 2696 1047 2727 Lambinus
1095 2696 1100 2737 Ι
1147 2695 1189 2728 31
1221 2697 1423 2737 inprobitas
1449 2698 1484 2727 si
1507 2696 1656 2728 inseruit

239 2755 445 2796 Maduigius
