1842 3250
692 188 897 221 EPICVRI
923 189 1137 220 PHYSICA
1556 188 1624 220 2215

112 303 181 337 305
331 302 481 335 Amlvs
512 309 542 334 n
562 301 594 340 4,
618 301 660 333 10
678 312 710 344 p.
727 301 866 338 33l‚24
884 302 928 334 D.
949 302 1060 342 (Stob.
1081 301 1147 334 ecl.
1167 301 1226 343 ph.
1246 301 1303 338 20,
1326 302 1340 332 1
1372 301 1466 333 Plut.
1489 309 1513 333 11
1537 302 1569 339 4,
1586 300 1622 338 2)

209 366 427 410 Ἐπίκουρος
454 365 644 407 πλείστοις
669 366 825 408 τρόποις
850 366 919 400 τὸν
949 366 1090 408 κόσμον
1117 365 1353 409 φθείρεσθαι·
1390 367 1448 399 καὶ
1476 365 1547 408 γὰρ
1574 366 1625 406 ὡς

209 432 310 475 ζῷον
337 431 397 465 καὶ
423 431 474 472 ὡς
499 431 624 473 φυτὸν
650 431 711 464 καί
737 432 945 473 πολλαχῶς.

115 501 186 536 306
331 499 552 534 Sfflpmclvs
578 500 616 533 in
634 501 745 534 Arist.
765 501 865 544 phys.
885 501 915 534 Θ
937 502 952 534 1
973 500 1022 544 (p.
1042 500 1130 533 2³30b
1152 501 1209 544 18)
1238 502 1260 532 s.
1280 501 1369 533 257¹*
1397 501 1431 534 οἰ
1459 501 1525 541 μὲν
1552 500 1623 543 γὰρ

169 575 186 601 5
211 563 392 608 ἀπείρους
416 567 472 608 τῷ
499 563 632 606 πλήθει
657 564 748 605 τοὺς
774 564 939 606 κόσμους
963 566 1201 607 ὑποθέμενοι,
1241 566 1291 606 ὡς
1318 565 1352 599 οἱ
1380 567 1462 607 περὶ
1489 564 1624 599 Ἀναξί-

211 630 378 672 μανδρον
405 630 466 663 καὶ
491 629 708 664 Λεύκιππον
735 630 796 663 καὶ
823 629 1064 672 Δημόκριτον
1091 631 1151 664 καὶ
1177 631 1338 673 ὕστερον
1366 630 1401 663 οἱ
1428 630 1511 673 περὶ
1531 629 1624 663 Ἐπί-

211 705 362 738 κουρον,
387 694 609 735 γινομένους
635 694 774 735 αὐτοὺς
793 694 852 727 καί
871 695 1145 737 φθειρομένους
1172 695 1357 728 ὑπέθεντο
1379 695 1435 728 ἐπ’
1457 695 1623 737 ἄπειρον,

209 760 332 794 ἄλλων
360 759 428 801 μὲν
453 758 510 793 ἀεὶ
536 758 757 800 γινομένων,
786 759 908 792 ἄλλων
936 760 976 793 δὲ
994 760 1266 802 φθειρομένων,
1295 760 1354 793 καὶ
1380 760 1450 801 τὴν
1479 758 1624 801 κίνησιν

209 824 331 858 ἀίδιον
360 824 512 865 ἔλεγον·
540 824 630 857 ἄνευ
657 823 729 866 γὰρ
756 823 940 865 κινήσεως
967 824 1035 858 οὐκ
1062 825 1141 858 ἔστι
1169 824 1315 865 γένεσις
1340 824 1362 866 ἢ
1389 823 1525 866 φθορά.

112 895 181 929 307
326 893 585 927 HmRONYMvs
613 904 736 927 comm.
756 895 791 926 in
813 894 1045 926 ecclesiasten
1072 905 1099 926 c.
1118 895 1133 926 1
1162 900 1184 927 t.
1200 901 1245 926 111
1264 904 1297 936 p.
1314 892 1403 927 391⁶
1417 893 1514 925 Van.
1543 892 1624 925 ‘nec

207 963 370 1001 putemus
404 959 504 1000 signa
538 963 643 1001 atque
676 958 841 1000 prodigia
869 963 902 989 et
928 958 1039 990 multa
1073 968 1162 1000 quae
1199 958 1345 990 arbitrio
1381 958 1440 989 dei
1467 968 1562 990 noua
1588 958 1624 989 in

207 1023 340 1055 mundo
367 1023 465 1061 fiunt,
505 1023 542 1054 in
574 1020 754 1065 prioribus
789 1022 941 1054 saeculis
976 1033 1054 1054 esse
1083 1022 1152 1054 iam
1178 1022 1283 1064 facta,
1326 1029 1359 1054 et
1384 1022 1502 1053 Iocum
1527 1022 1626 1054 inue-

206 1089 284 1120 nire
298 1088 503 1131 Epicurum,
528 1088 590 1130 qui
610 1087 734 1119 asserit
760 1097 837 1129 per
862 1087 1209 1118 innumerabiles
1237 1087 1447 1129 periodos
1475 1087 1623 1118 eadem

208 1157 248 1184 et
275 1152 439 1184 eisdem
465 1152 507 1190 in
534 1151 649 1184 locis
678 1156 718 1182 et
745 1161 818 1193 per
846 1152 1020 1183 eosdem
1045 1149 1176 1182 fieri’.

106 1223 197 1257 308*
328 1219 617 1266 [PLVTARCHVS]
645 1222 689 1253 de
715 1221 857 1264 placitis
884 1221 1016 1264 philos.
1045 1228 1057 1252 Ι
1084 1221 1106 1252 4
1131 1232 1164 1263 p.
1185 1220 1254 1253 289
1276 1220 1390 1252 Diels.
1427 1219 1468 1253 ‘O
1495 1218 1624 1252 τοίνυν

152 1296 184 1321 16
209 1287 350 1328 κόσμος
377 1285 540 1328 συνέστη
568 1284 898 1329 περικεκλασμένῳ
926 1284 1086 1326 σχήματι
1112 1284 1435 1326 ἐσχηματισμένος
1453 1284 1520 1317 τὸν
1539 1285 1623 1327 τρό-

207 1361 281 1385 πον
298 1353 455 1385 τοῦτον·
482 1352 560 1383 τῶν
588 1349 741 1391 ἀτόμων
767 1349 955 1390 σωμάτων
983 1347 1225 1391 ἀπρονόητον
1251 1349 1311 1381 καὶ
1335 1347 1492 1390 τυχαίαν
1520 1348 1623 1390 ἑχόν-

206 1426 285 1449 των
312 1415 382 1457 τὴν
409 1414 555 1457 κίνησιν
583 1416 751 1456 συνεχῶς
777 1424 818 1448 τε
846 1414 907 1447 καὶ
932 1413 1091 1455 τάχιστα
1119 1412 1364 1455 κινουμένων,
1394 1412 1445 1453 εἰς
1463 1413 1508 1445 τὸ
1529 1413 1623 1446 αὐτὸ

206 1480 328 1514 πολλὰ
362 1480 521 1521 σώματα
555 1478 811 1522 συνηθροίσθη
841 1479 900 1512 διὰ
926 1481 1042 1513 τοῦτο
1069 1477 1255 1512 ποικιλίαν
1285 1478 1422 1520 ἔχοντα
1447 1479 1507 1511 καὶ
1535 1487 1623 1521 σχη-

150 1554 184 1578 20
208 1545 338 1587 μάτων
364 1545 425 1579 καὶ
452 1546 621 1585 μεγεθῶν
650 1543 731 1586 <καί
752 1542 913 1587 βαρῶν).
950 1543 1229 1586 ἀθροιζομένων
1257 1543 1288 1576 δ’
1316 1543 1355 1576 ἐν
1381 1542 1510 1585 ταύτῷ
1537 1543 1624 1576 τού-

206 1620 286 1643 των
311 1609 359 1644 τὰ
387 1610 454 1650 μὲν
481 1609 552 1643 ὅσα
580 1608 732 1650 μείζονα
751 1609 797 1651 ἠν
816 1610 877 1642 καὶ
897 1609 1083 1651 βαρύτερα
1108 1608 1261 1649 πάντως
1283 1607 1525 1642 ὑπεκάθιζεν·
1553 1608 1625 1641 ὅσα

207 1675 248 1709 δὲ
267 1674 378 1718 μικρὰ
403 1674 463 1707 καὶ
490 1675 676 1716 περιφερῆ
704 1674 764 1707 καί
787 1675 867 1708 λεῖα
892 1673 952 1707 καὶ
979 1673 1166 1715 εὐόλισθα,
1195 1675 1317 1706 ταῦτα
1336 1672 1396 1705 καὶ
1416 1671 1624 1714 ἐξεθλίβετο

205 1739 302 1774 κατὰ
328 1740 399 1781 τὴν
426 1738 591 1773 σύνοδον
618 1741 696 1772 τῶν
723 1738 876 1779 ἀτόμων
904 1738 955 1778 εἷς
979 1748 1022 1772 τε
1046 1738 1090 1771 τὸ
1113 1737 1304 1780 μετέωρον
1324 1737 1543 1780 ἀνεφέρετο.
1574 1737 1625 1778 ῶς

207 1805 238 1838 δ’
265 1804 333 1838 οὖν
361 1804 525 1838 ἐξέλειπε
553 1804 620 1845 μὲν
648 1804 671 1845 ἡ
699 1803 885 1845 πληκτικὴ
920 1802 1074 1843 δύναμις
1107 1801 1386 1844 μετεωρίζουσα
1421 1802 1548 1836 οὐκέτι
1581 1812 1624 1836 τε

149 1879 183 1904 25
207 1869 298 1911 ἦγεν
324 1869 348 1911 ἡ
373 1868 499 1911 πληγὴ
530 1868 624 1911 πρὸς
649 1868 694 1901 τὸ
722 1868 924 1909 μετέωρον,
954 1867 1142 1900 ἐκωλύετο
1170 1867 1210 1901 δὲ
1237 1869 1358 1900 ταῦτα
1383 1864 1486 1900 κάτύ]
1513 1866 1624 1909 φέρε-

206 1935 303 1976 σθαι,
331 1933 498 1968 ἐπιέζετο
524 1932 619 1975 πρὸς
641 1932 731 1972 τοὺς
757 1932 899 1972 τόπους
922 1932 1012 1972 τοὺς
1037 1931 1270 1972 δυναμένους
1298 1931 1488 1965 δέξασθαι·
1517 1930 1624 1964 οὗτοι

207 1999 248 2033 δὲ
274 1998 371 2041 ἦσαν
401 1994 437 2032 οἱ
463 1997 579 2040 πέριξ,
615 1998 676 2031 καὶ
701 1996 796 2040 πρὸς
812 1997 972 2051 ἱτούτοις
998 1996 1042 2029 τὸ
1067 1997 1211 2038 πλῆθος
1237 1998 1315 2029 τῶν
1343 1995 1532 2037 σωμάτων
1559 2005 1623 2029 πε-

205 2065 396 2108 ριεκλᾶτο’
441 2062 741 2107 περιπλεκόμενα
776 2062 817 2096 δέ
854 2060 1027 2103 ἀλλήλοις
1061 2061 1155 2095 κατὰ
1191 2061 1261 2102 τὴν
1299 2059 1516 2103 περίκλασιν
1552 2060 1620 2094 τὸν

327 2191 349 2224 2
375 2190 449 2224 Ἐπ.
473 2190 658 2233 φθαρτόν,
686 2189 745 2223 ὅτι
772 2189 834 2222 καὶ
860 2188 1033 2230 γενητόν,
1062 2187 1112 2228 ὡς
1137 2188 1237 2230 ζῷον
1265 2187 1316 2227 ὡς
1341 2186 1465 2228 φυτόν
1493 2187 1586 2219 Plut.
1615 2184 1625 2231 1}

210 2251 253 2284 15
271 2261 348 2294 sqq.
377 2251 421 2282 de
448 2250 571 2282 mundi
598 2249 735 2290 origine
762 2247 955 2280 sententias
982 2246 1129 2290 Epicuri
1157 2246 1213 2283 (ef.
1233 2247 1337 2278 Lucr.
1363 2252 1390 2277 V
1416 2244 1623 2287 416—508)

208 2311 293 2343 satis
322 2315 483 2342 accurate
511 2309 657 2352 exprimi
685 2308 771 2341 olim
798 2307 1018 2339 intellectum
1051 2312 1116 2348 est,
1143 2306 1186 2338 cf.
1213 2305 1317 2336 Diels
1346 2306 1504 2345 Doxogr.
1525 2316 1558 2347 p.
1578 2305 1623 2338 58

206 2370 366 2413 Woltjer
384 2369 429 2401 de
447 2369 606 2401 Lucretii
632 2368 764 2411 philos.
790 2378 823 2410 p.
843 2366 909 2399 115
926 2377 976 2408 sq.
1021 2365 1169 2407 reliqua,
1194 2364 1393 2407 plantarum
1419 2363 1623 2395 animalium

207 2429 388 2462 hominum
409 2433 535 2466 ortum,
556 2427 710 2470 explicat
727 2427 830 2459 Lucr.
844 2434 871 2458 v
887 2425 954 2458 783
971 2435 1047 2467 sqq.
1068 2423 1129 2464 (cf.
1145 2424 1308 2455 Laetam.
1329 2423 1400 2455 diu.
1421 2423 1501 2455 inst.
1516 2429 1547 2454 11
1564 2421 1622 2465 11)

209 2492 244 2520 et
263 2487 385 2520 colore
404 2488 584 2531 Epicureo
604 2486 750 2518 inbutus
768 2486 951 2518 Diodorus
971 2491 985 2516 1
1004 2485 1024 2516 7
1045 2484 1103 2526 (cf.
1120 2482 1279 2524 W’oltjer
1296 2481 1318 2512 1.
1341 2492 1420 2524 s.,p.
1444 2481 1510 2514 138
1526 2480 1595 2523 sq.)
1622 2479 1626 2522 Ι

210 2546 254 2580 19
274 2543 349 2589 διὰ]
368 2546 428 2579 καὶ
448 2544 507 2578 διὰ
525 2545 610 2576 libri
630 2555 747 2577 errore
766 2543 929 2586 procliui,
949 2543 992 2575 cs.
1010 2553 1098 2574 mus.
1115 2542 1235 2574 Rhen.
1251 2549 1335 2573 xxv
1352 2539 1421 2573 602
1458 2539 1464 2582 1
1498 2539 1544 2571 20
1563 2539 1623 2573 καὶ

210 2606 335 2647 βαρῶν
364 2604 489 2636 addidi
512 2604 517 2646 Ι
539 2601 706 2647 τούτων]
734 2602 932 2636 τοσούτων
952 2601 1133 2633 Eusebius
1175 2601 1181 2643 Ι
1221 2601 1261 2633 21
1295 2599 1486 2643 βαρύτατα
1511 2599 1594 2630 libri
1621 2596 1626 2642 Ι

208 2664 254 2696 22
282 2661 489 2705 ἐξεθλίβετο
517 2663 560 2695 cf.
580 2663 620 2694 fr.
638 2662 709 2695 276
727 2663 832 2695 Lucr.
851 2670 876 2695 V
897 2661 968 2695 453
994 2666 1207 2703 expressere
1243 2660 1249 2702 Ι
1288 2660 1334 2693 24
1360 2658 1502 2693 ἐξέλιπε
1523 2657 1623 2690 libri:

212 2732 302 2755 corr.
327 2721 431 2755 Diels
454 2720 461 2764 Ι
482 2720 540 2766 τε]
569 2722 610 2756 δὲ
636 2721 721 2754 libri
