1842 3250
177 2254 247 2287 289

275 249 345 282 206
758 250 962 281 EPICVRI
990 250 1206 281 PHVSICA

276 364 355 395 Bas.
392 363 452 396 καὶ
479 363 572 404 πρὸς
593 362 835 405 Δημόκριτον
864 364 904 397 δὲ
932 364 991 396 καὶ
1010 363 1228 406 Ἐπίκουρον
1256 365 1556 407 δικαιολογεῖται,
1585 365 1620 399 τί
1643 365 1690 408 δή

275 429 369 460 ποτε
405 427 510 466 τινὰς
546 428 612 468 μὲν
646 428 830 470 διαφορὰς
864 428 949 469 περὶ
981 428 1049 468 τὰς
1084 428 1248 469 ἀτόμους
1285 429 1568 471 ἀπολείπουσιν,
1609 429 1690 463 οἷον

276 491 482 532 σχημάτων
502 490 639 532 βάρους
664 491 900 531 ναστότητος
927 491 1200 532 σωματότητος
1227 491 1404 532 περάτων
1432 491 1613 531 μεγέθους
1639 502 1690 525 κι-

275 554 432 596 νήσεως,
461 555 548 588 οὔτε
569 555 609 588 δὲ
628 554 746 596 χρόαν
774 555 862 588 οὔτε
886 556 1101 597 γλυκύτητα
1129 555 1217 588 οὔτε
1245 556 1346 595 Ζωήν
1375 555 1471 596 ἔχειν
1499 556 1587 589 οὔτε
1613 558 1691 589 τῶν

277 620 400 653 ἄλλων
426 621 504 651 τῶν
530 618 720 652 τοιούτων
749 619 885 659 λόγους
912 619 1244 661 προὺφεστηκὲναι
1275 618 1572 660 ἀποφαίνονται·
1617 630 1691 653 κοι-

275 686 344 717 νοῦ
371 683 442 725 γὰρ
477 683 587 723 ὄντος
619 686 688 716 τοῦ
722 684 806 725 περὶ
839 685 918 716 τῶν
952 684 1072 716 ἐκτῶν
1104 684 1218 724 λόγου
1254 684 1399 716 ἄτοπον
1436 684 1483 725 μὴ
1516 685 1561 717 τὰ
1596 684 1692 717 αὐτὰ

275 748 358 789 περὶ
385 749 462 780 τῶν
490 748 618 780 αὐτῶν
646 747 923 787 διατάττεσθαι,
952 749 1011 780 καὶ
1040 748 1093 780 ἔτι
1120 748 1366 790 ἀτοπώτερον
1392 749 1458 788 τας
1484 747 1692 790 ἀρχηγικω-

274 812 390 852 τάτας
423 812 598 852 δυνάμεις
632 813 893 854 ὑστερογενεῖς
927 815 1066 847 ποιεῖν.
1107 813 1230 855 ὥςπερ
1269 813 1370 854 ζωήν
1408 813 1468 846 καὶ
1503 816 1595 846 νοῦν
1633 814 1692 846 καὶ

274 877 390 918 φύσιν
424 877 483 909 καὶ
509 877 625 917 λόγον
653 878 712 909 καὶ
739 877 786 909 τὰ
816 879 987 910 τοιαῦτα.
1040 876 1315 920 παραπλησίως
1343 877 1381 909 δὲ
1410 877 1601 911 ἀδύνατον
1633 879 1691 911 καὶ

274 941 350 975 ἀπό
376 951 446 974 του
475 942 640 975 συνόδου
668 944 790 975 ταῦτα
818 942 1101 975 ἀποτελεῖσθαι“
1129 942 1234 985 νόμῳ
1259 942 1332 984 γὰρ
1360 943 1438 976 ἔστι
1465 943 1572 984 χροιὴ
1597 941 1692 975 κατὰ

273 1005 341 1039 τὸν
362 1005 615 1048 Δημόκριτον,
645 1005 705 1038 καὶ
730 1005 778 1037 τὰ
809 1005 900 1038 ἄλλα
927 1004 1075 1046 ὁμοίως,
1105 1008 1151 1047 τῇ
1181 1004 1336 1047 ἀληθείᾳ
1364 1002 1476 1048 [ἔστι]
1504 1005 1544 1038 δὲ
1571 1005 1692 1045 ἄτομα

273 1072 334 1104 καὶ
360 1071 482 1104 κενόν.
527 1070 547 1104 ό
576 1070 616 1103 δὲ
646 1069 742 1103 ἅπαξ
768 1070 816 1103 τὰ
843 1070 936 1103 ὄντα
966 1070 1111 1103 ἀνελὼν
1140 1071 1251 1103 οῦδὲν
1279 1070 1350 1103 ἕξει
1377 1069 1556 1110 τίθεσθαι,
1585 1070 1645 1102 καὶ
1672 1069 1692 1102 ὁ

273 1134 579 1177 παραδεξάμενος
597 1134 642 1167 τὸ
661 1133 830 1168 ἀναίτιον
851 1134 1021 1175 οὐδαμοῦ
1049 1134 1240 1176 στήσεται.
1268 1134 1303 1168 τί
1320 1134 1393 1177 γὰρ
1412 1136 1552 1175 μᾶλλον
1571 1137 1692 1167 ταῦτα

273 1200 295 1241 ἢ
323 1200 369 1233 τὰ
397 1198 550 1233 ἐναντία
576 1199 801 1242 προτιμήσει
829 1199 889 1232 ἀπ’
920 1200 1096 1240 οὐδεμιᾶς
1126 1199 1336 1241 ὡρισμένης
1368 1198 1488 1240 αἰτίας
1522 1200 1691 1242 ὁρμώμε-

271 1274 353 1305 νος;
394 1265 540 1306 βέλτιον
567 1263 635 1297 οὖν
664 1263 715 1304 εἰς
743 1263 890 1306 ἐκείνην
919 1264 1039 1297 ἐλθεῖν
1066 1264 1135 1304 τὴν
1164 1264 1357 1298 ὑπόθεσιν.
1387 1265 1411 1305 ἥ
1438 1274 1493 1304 τις
1521 1265 1595 1298 ἀπὸ
1621 1267 1691 1298 τοῦ
1734 1276 1748 1300 5

274 1329 423 1371 ἔχεσθαι
450 1329 611 1371 παράγει
637 1329 685 1362 τὰ
713 1329 813 1371 ἑκτόι7
855 1330 978 1372 ὥςπερ
1006 1328 1040 1362 οἱ
1071 1329 1338 1371 Ἀκαδημαϊκοὶ
1364 1328 1554 1371 ὡρίσαντο
1582 1328 1691 1362 ἑκτὸν

272 1393 317 1426 τὸ
344 1391 425 1427 οἶόν
448 1404 490 1427 τε
516 1394 667 1435 ἔχεσθαι
694 1393 788 1427 αὐτὸ
816 1393 1037 1434 ἀποδόντες,
1065 1393 1134 1426 οὐκ
1162 1393 1236 1426 ἀπὸ
1265 1394 1334 1435 τῆς
1361 1392 1609 1434 ἐτυμολογίας
1628 1394 1691 1427 αὺ-

273 1460 342 1491 τοῦ
370 1458 656 1501 παραλαβόντες
681 1458 749 1491 τὸν
776 1459 902 1498 λόγον.

273 1522 369 1554 idem
396 1522 485 1555 ibid.
515 1522 559 1554 14
586 1522 631 1564 (p.
653 1522 712 1554 15⁸
728 1521 790 1565 30)
816 1533 874 1564 qu.
904 1521 935 1555 Φ
962 1522 985 1553 f.
1006 1521 1041 1553 3r
1060 1522 1115 1554 ed.
1132 1522 1223 1554 Ven.
1254 1522 1276 1554 f.
1300 1521 1386 1554 109¹*
1405 1522 1486 1554 Bas.
1515 1532 1548 1564 p.
1566 1521 1631 1553 92¹²
1651 1522 1692 1554 10

274 1587 404 1619 Brand.
431 1586 491 1619 καὶ
518 1584 553 1619 οἱ
579 1586 665 1628 περὶ
685 1584 928 1627 Δημόκριτον
956 1585 996 1618 δὲ
1024 1586 1084 1618 καὶ
1111 1585 1274 1628 ὕστερον
1305 1584 1340 1618 οἱ
1367 1586 1451 1628 περὶ
1470 1584 1691 1628 Ἐπίκουρον
1716 1597 1731 1621 -2

272 1650 340 1692 τὰς
369 1650 535 1692 ἀτόμους
563 1650 719 1690 ἀπαθεῖς
751 1650 811 1683 καὶ
841 1649 999 1690 ἀποίους
1032 1649 1297 1691 ὑποτιθέμενοι
1329 1651 1407 1683 τῶν
1436 1650 1559 1684 ἄλλων
1586 1660 1691 1684 ποιο-

272 1715 400 1757 τήτων
427 1714 529 1757 παρὰ
554 1714 602 1748 τὰ
629 1714 802 1756 σχήματα
835 1714 896 1748 καὶ
921 1715 992 1756 τὴν
1019 1714 1133 1747 ποιὰν
1166 1715 1294 1748 αὐτῶν
1330 1715 1505 1748 σύνθεσιν
1533 1713 1691 1756 ἐπιγίνε-

273 1781 357 1813 σθαι
383 1779 536 1820 λέγουσι
561 1779 629 1820 τὰς
656 1780 769 1819 ἄλλοις
795 1779 1003 1821 ποιότητας
1028 1780 1095 1820 τάς
1120 1790 1162 1813 τε
1189 1779 1319 1821 ἁπλᾶς,
1347 1778 1429 1813 οἷον
1457 1779 1692 1822 Θερμότητας

272 1845 332 1877 καὶ
358 1844 566 1886 λειότητας,
607 1845 667 1878 καὶ
693 1843 760 1884 τὰς
787 1844 882 1877 κατὰ
911 1843 1003 1887 <τὰ>
1031 1844 1212 1886 χρώματα
1245 1844 1305 1877 καί
1338 1844 1429 1884 τοὺς
1461 1844 1612 1886 χυμούς.
1659 1843 1690 1879 εἰ

271 1907 312 1941 δὲ
336 1908 375 1942 ἑν
396 1910 444 1951 τῇ
467 1911 556 1952 ποιᾷ
584 1908 758 1942 συνθέσει
782 1910 861 1941 τῶν
889 1907 1043 1949 ἀτόμων
1067 1910 1198 1948 ταῦτα,
1227 1908 1288 1941 καὶ
1315 1908 1337 1950 ἡ
1365 1906 1563 1948 ἀλλοίωσις
1590 1907 1687 1951 αὐτὴ
1715 1917 1731 1941 2

269 1973 350 2006 κατ’
382 1972 522 2013 αὐτοὺς
549 1973 594 2006 ἂν
622 1972 678 2015 εἴη
706 1971 906 2014 μεταβολή,
943 1972 967 2014 ἡ
998 1972 1038 2006 δὲ
1064 1972 1156 2006 ποιὰ
1183 1972 1357 2013 σύνθεσις
1383 1972 1511 2006 αὐτῶν
1538 1973 1598 2006 καὶ
1624 1983 1685 2013 με-

268 2038 420 2078 τάθεσις
445 2038 506 2071 καὶ
530 2037 631 2078 τάξις
658 2037 727 2071 οὐκ
754 2036 962 2079 ἀλλαχόθεν
988 2036 1010 2078 ἢ
1039 2036 1080 2070 ἐκ
1108 2039 1176 2078 τῆς
1199 2039 1322 2079 φορᾶς
1347 2037 1406 2070 καὶ
1433 2039 1501 2079 τῆς
1527 2039 1687 2079 τοπικής

269 2100 453 2144 κινήσεως
478 2100 598 2135 ἐστίν·
627 2101 720 2142 ὥςτε
747 2101 770 2143 ή
798 2099 997 2141 ἀλλοίωσις
1022 2102 1070 2143 τῇ
1097 2104 1200 2145 φορᾷ
1227 2101 1251 2143 ἡ
1277 2101 1374 2142 αὐτὴ
1400 2101 1423 2142 ἢ
1451 2103 1689 2144 παρακολου-

270 2167 393 2199 θοῦσα
417 2166 538 2209 ταύτῃ
566 2166 627 2199 καὶ
651 2165 795 2208 ταύτης
820 2175 866 2198 τι.

391 2246 638 2281 ΑιΕΧΑΝυΕιι
663 2247 780 2290 Aphr.
805 2251 959 2289 quaestt.
978 2254 991 2279 1
1015 2247 1056 2280 13
1083 2258 1115 2289 p.
1134 2246 1179 2279 52
1201 2247 1332 2290 Speng.
1362 2245 1446 2280 Ὅτι
1473 2245 1522 2288 μή
1550 2244 1690 2287 ὁμοίως

269 2313 350 2346 κατ’
378 2310 597 2355 Ἐπίκουρον
625 2310 815 2353 εἰσάγεται
842 2311 889 2345 τὰ
917 2311 1109 2354 χρώματα,
1142 2310 1194 2352 ὡς
1220 2311 1349 2352 ἔλεγέν
1374 2321 1429 2352 τις
1457 2310 1686 2353 παριστάμε-

270 2387 336 2418 νος
361 2376 480 2410 αὐτοῡ
506 2379 553 2420 τῇ
582 2375 682 2419 δόξῃ,
710 2377 770 2410 καὶ
799 2376 893 2409 κατὰ
920 2375 987 2416 τὰς
1014 2376 1127 2416 ἄλλας
1157 2375 1327 2419 αἱρέσεις.
1380 2375 1400 2409 ὃ
1427 2376 1494 2417 μὲν
1519 2375 1592 2418 γὰρ
1619 2375 1688 2409 οὖν

272 2442 313 2475 ἐν
339 2444 417 2482 τοῖς
444 2440 599 2483 ἀτόμοις
624 2439 832 2482 στοιχείοις,
861 2440 884 2474 ἅ
911 2451 981 2483 περ
1009 2440 1124 2483 ἀρχὰς
1150 2439 1370 2474 ὑποτίθεται
1396 2442 1475 2474 τῶν
1495 2439 1687 2481 ἁπάντων,

273 2506 386 2540 οὐδὲν
411 2506 563 2540 τούτων
580 2506 697 2548 φησὶν
725 2505 836 2539 εἶναι·
864 2506 944 2539 καθ’
966 2505 1032 2546 οὓς
1056 2505 1097 2539 δὲ
1121 2507 1287 2547 στοιχεῖα
1313 2505 1360 2538 τὰ
1386 2504 1565 2547 τέσσαρα,
1593 2504 1689 2539 κατὰ

393 2644 415 2676 4
442 2642 488 2676 οὐ
514 2645 593 2678 τῶν
619 2644 710 2676 ven.
758 2643 762 2684 1
813 2643 858 2676 lo
883 2645 953 2676 τοῦ
981 2644 1063 2675 Bas.
1089 2644 1158 2684 τῆς
1184 2643 1277 2675 Ven.
1301 2643 1306 2683 Ι
1330 2643 1434 2677 ἔσται
1462 2642 1583 2682 uolgo,
1614 2653 1689 2679 ρον·

273 2707 409 2734 rectum
433 2712 467 2735 u.
489 2701 530 2734 11
572 2701 577 2742 Ι
616 2701 662 2734 26
689 2702 769 2734 κατ’
791 2701 887 2735 αὐτὰ
907 2702 1079 2734 edebatur
1116 2700 1122 2746 Ι
1162 2701 1206 2734 23
1235 2703 1361 2744 φθορᾶ
1379 2703 1471 2734 Ven.
1505 2701 1521 2745 n
1555 2702 1597 2733 31
1618 2701 1688 2746 τις]

275 2759 514 2803 Κηνσωρῖνος
540 2760 561 2794 ὁ
587 2760 879 2802 Ἀκαδημειακός
906 2761 940 2792 in
971 2761 1110 2792 rubrica
1137 2761 1314 2792 indicatur
1338 2772 1371 2803 p.
1393 2761 1449 2798 52,
1474 2761 1514 2793 12

1718 954 1750 978 10
