1842 3250
38 530 109 564 456

83 921 114 944 10

83 1248 114 1273 15

81 1567 116 1592 20

628 202 833 235 EPICVRI
867 202 1053 235 ETHICA
1472 203 1543 236 295

136 319 396 352 distinxerit
421 317 478 350 illi
504 317 778 359 uoluptate5‚
805 321 842 348 ut
861 316 960 354 sciat,
988 326 1094 359 quae
1120 327 1167 348 ex
1196 317 1259 349 eis
1285 317 1399 349 intra
1424 323 1544 350 natu-

135 384 225 416 rale
252 382 522 415 desiderium
547 381 785 419 desistant,
813 391 921 424 quae
947 391 1116 424 praeceps
1135 381 1293 413 serantur
1317 382 1544 415 infinitae·

135 459 204 491 que
231 448 318 480 sint
344 451 378 478 et
403 456 474 488 quo
501 445 613 487 magis
638 445 828 488 inplentur,
857 455 899 478 eo
924 446 1035 487 magis
1061 445 1300 488 inexplebiles
1312 445 1331 478 ².

260 526 404 561 CICERO
429 527 536 560 Tusc.
564 528 655 570 disp.
682 534 705 560 V
732 527 789 565 33,
808 527 852 560 93
881 527 1009 565 ιιιίεἰιεε,
1037 528 1156 566 credo,
1184 533 1221 560 ut
1246 528 1422 570 Epicurus
1450 528 1546 571 eupi-

136 593 283 625 ditatum
301 602 432 633 genera
450 592 625 629 diuiserit,
650 602 720 624 non
739 592 842 624 nimis
867 592 1016 624 sortasse
1041 591 1234 630 subtiliter,
1261 591 1395 624 utiliter
1411 596 1543 625 tamen:

136 657 261 700 partim
288 666 368 689 esse
394 656 566 689 naturalis
592 662 628 688 et
654 657 885 695 necessarias,
919 657 1044 699 partim
1070 656 1240 689 naturalis
1269 663 1303 688 et
1328 666 1399 688 non
1424 665 1546 688 neces-

137 721 259 759 sarias,
285 721 412 764 partim
438 725 612 754 neutrum.
638 721 856 753 necessarias
885 721 1005 754 satiari
1031 731 1137 764 posse
1163 731 1277 764 paene
1304 721 1430 760 nihilo,
1457 721 1547 753 diui-

136 786 203 818 tias
227 786 320 817 enim
341 789 485 817 naturae
505 795 582 817 esse
602 785 792 828 parabilis;
820 786 1014 818 secundum
1040 794 1155 818 autern
1174 795 1285 827 genus
1313 785 1545 828 cupiditatum

136 860 202 882 nec
230 849 279 882 ad
300 849 509 893 potiendum
536 849 686 881 difficile
713 860 792 882 esse
819 855 940 881 censet
966 859 1030 881 nec
1057 860 1142 882 uero
1170 850 1215 882 ad
1240 850 1446 891 carendum;
1480 854 1547 882 ter-

137 914 217 952 tias,
256 913 354 957 quod
385 918 505 946 essent
535 914 638 956 plane
672 914 796 946 inanes
832 924 946 957 neque
979 915 1229 947 necessitatem
1255 915 1374 952 modo,
1415 915 1476 947 sed
1504 926 1547 947 ne

136 983 293 1011 naturam
319 977 463 1021 quidem
490 979 713 1019 attingerent,
742 978 901 1010 funditus
929 978 1107 1011 eiciendas
1132 978 1297 1022 putauit’.

136 1041 333 1087 Scuomon
358 1043 395 1075 in
420 1043 533 1075 Arist.
553 1042 623 1076 eth.
643 1043 783 1076 Nicom.
813 1051 856 1076 111
879 1043 919 1076 13
947 1043 997 1086 (p.
1016 1042 1125 1077 lllssb
1144 1043 1182 1087 8)
1209 1041 1234 1077 f.
1255 1043 1319 1077 48¹¹
1337 1044 1426 1077 Ald.
1453 1043 1547 1077 Ἐπί-

137 1117 276 1150 κουρος
305 1108 365 1141 καὶ
392 1106 427 1141 οἱ
455 1106 517 1141 ἀπ’
547 1107 666 1141 αὐτοῦ
701 1108 803 1141 οὕτω
838 1108 1037 1151 διαιροῦσι·
1077 1109 1156 1141 τῶν
1183 1107 1390 1149 ἐπιθυμιῶν
1417 1106 1454 1141 αἳ
1481 1107 1548 1149 μέν

138 1182 236 1212 τινες
261 1171 471 1214 ἀναγκαῖαι,
512 1171 548 1205 αἳ
576 1172 615 1206 δὲ
642 1173 798 1214 φυσικαὶ
823 1173 890 1214 μὲν
918 1172 986 1207 οὐκ
1013 1171 1211 1213 ἀναγκαῖαι
1243 1173 1294 1214 δέ,
1328 1172 1366 1206 αἳ
1393 1173 1433 1206 δὲ
1460 1173 1548 1208 οὔτε

138 1236 337 1278 ἀναγκαῖαι
367 1237 456 1271 οὔτε
485 1237 641 1278 φυσικαὶ
668 1236 760 1270 ἀλλὰ
788 1238 882 1270 κατὰ
910 1237 1023 1279 κενὴν
1048 1237 1240 1278 γινόμεναι
1267 1236 1388 1272 δόξαν.
1431 1238 1453 1280 ἡ
1483 1238 1549 1279 μὲν

138 1300 208 1335 οὖν
232 1302 301 1343 τῆς
325 1302 473 1344 τροφῆς
507 1300 683 1343 ἐπιθυμία
722 1303 780 1335 καὶ
812 1303 880 1342 τῆς
914 1302 1074 1343 ἐσθῆτος
1109 1300 1310 1342 ἀναγκαία·
1354 1302 1376 1344 ἡ
1405 1303 1444 1336 δὲ
1471 1304 1550 1335 τῶν

139 1364 373 1408 ἀφροδισίων
402 1366 544 1409 φυσικὴ
577 1367 644 1408 μὲν
678 1366 747 1400 οὐκ
774 1365 958 1407 ἀναγκαία
987 1366 1046 1400 δέ·
1089 1367 1111 1408 ἡ
1140 1366 1179 1400 δὲ
1206 1368 1285 1400 τῶν
1311 1366 1470 1401 τοιῶνδε
1498 1375 1549 1401 σι-

137 1429 229 1464 τίων
255 1430 279 1472 ἢ
306 1431 454 1472 τοιᾶςδε
481 1431 641 1473 ἐσθῆτος
668 1431 690 1473 ἢ
718 1431 877 1465 τοιῶνδε
911 1430 1144 1474 ἀφροδισίων
1177 1432 1267 1466 οὔτε
1294 1432 1434 1474 φυσικὴ
1462 1433 1550 1467 οὔτε

140 1494 334 1537 ἀναγκαία.

141 1558 394 1593 ΡΙΝΤΑΒσΗνε
421 1560 538 1602 Grylli
565 1571 592 1593 c.
612 1560 633 1592 6
659 1571 693 1603 p.
713 1559 802 1594 989¹³
841 1560 864 1603 ἡ
891 1561 959 1602 μὲν
994 1560 1062 1594 οὖν
1095 1560 1328 1603 σωφροσύνη
1366 1561 1552 1604 βραχύτης

139 1623 194 1665 τίς
220 1623 322 1659 ἐστιν
349 1625 554 1666 ἐπιθυμιῶν
582 1625 642 1658 καὶ
668 1625 780 1668 τάξις,
808 1624 1016 1668 ἀναιροῦσα
1043 1625 1110 1666 μὲν
1134 1625 1201 1666 τὰς
1227 1626 1474 1667 ἐπεισάκτους
1492 1627 1552 1660 καὶ

139 1688 326 1732 περιττάς,
354 1691 471 1733 καιρῷ
499 1688 539 1723 δὲ
567 1690 627 1723 καὶ
655 1689 872 1732 μετριότητι
899 1692 1095 1731 κοσμοῦσα
1121 1690 1189 1730 τὰς
1215 1689 1430 1731 ἀναγκαίας.
1471 1694 1552 1732 ταῖς

141 1753 171 1787 δ’
209 1752 418 1808 ἐτἰθυμίαις
456 1753 590 1798 ἐνορᾷς
623 1764 698 1788 που
735 1753 869 1797 μυρίαν
905 1754 1109 1797 διαφοράν·
1163 1753 1223 1799 <al
1257 1755 1324 1796 μὲν
1359 1755 1431 1798 γὰρ
1468 1757 1552 1800 περὶ

139 1817 209 1860 τὴν
246 1817 408 1862 βρῶσιν)
444 1819 505 1853 καὶ
537 1819 608 1861 τὴν
644 1819 756 1853 πόσιν
789 1819 865 1861 ἅμα
900 1822 955 1863 τῷ
991 1821 1140 1863 φυσικῷ
1177 1820 1237 1853 καὶ
1268 1819 1313 1853 τὸ
1347 1819 1552 1862 ἀναγκαῖον

140 1884 309 1926 ἔχουσιν·
338 1884 464 1925 ἄλλαις
483 1884 534 1926 δέ,
562 1882 622 1925 αἷς
645 1883 760 1927 ἀρχὰς
785 1885 808 1926 ἡ
837 1885 949 1926 φύσις
977 1883 1184 1926 ἐνδίδωσιν,
1213 1884 1292 1918 ἔστι
1320 1884 1365 1927 δή
1390 1895 1465 1919 που
1492 1886 1552 1919 καὶ

140 1947 192 1991 μὴ
218 1948 414 1992 χρώμενον
450 1948 547 1991 ἔχειν
580 1947 717 1989 ἱκανῶς
750 1948 1033 2001 ἀπαλλαγέντα·
1077 1949 1233 1990 φυσικαὶ
1267 1949 1334 1990 μὲν
1367 1949 1447 1991 οὖν,
1483 1950 1552 1984 οὐκ

141 2013 340 2055 ἀναγκαῖαι
359 2013 391 2047 δ’
411 2012 635 2056 ἐκλήθησαν.
663 2013 708 2047 τὸ
735 2013 775 2048 δὲ
799 2015 879 2047 τῶν
905 2013 989 2055 μήτ’
1018 2012 1233 2055 ἀναγκαίων
1261 2013 1354 2056 μήτε
1381 2016 1552 2056 φυσικῶν

142 2077 221 2112 ἀλλ’
240 2078 377 2112 ἔξωθεν
403 2077 479 2112 ὑπὸ
505 2078 614 2120 δόξης
640 2078 751 2120 κενῆς
777 2078 822 2111 δι’
843 2076 1110 2120 ἀπειροκαλίαν
1137 2077 1417 2120 ἐπικεχυμένων
1444 2079 1554 2121 γένος

142 2142 249 2185 ὑμῶν
275 2142 342 2185 μὲν
369 2141 498 2183 ὀλίγου
527 2142 604 2176 δεῖν
629 2142 699 2183 τὰς
723 2142 887 2185 φυσικὰς
919 2140 1138 2184 ἀπέκρυψεν
1165 2141 1239 2176 ὑπὸ
1265 2143 1434 2184 πλήθους
1460 2142 1554 2176 ἁπά-

264 2259 285 2292 5
304 2259 348 2291 cf.
363 2259 430 2301 Ep.
446 2262 534 2291 sent.
551 2265 653 2291 XXIX
672 2268 750 2290 cum
770 2257 908 2290 scholio
925 2268 957 2300 p.
969 2257 1026 2300 78,
1040 2257 1082 2290 18
1108 2258 1318 2290 Athenaeus
1334 2266 1390 2291 ΧΠ
1404 2270 1437 2302 p.
1453 2256 1553 2296 511⁴,

141 2317 205 2350 ubi
224 2317 452 2350 scribendum
477 2317 534 2351 ὅτι
562 2319 639 2350 τῶν
667 2316 873 2357 ἐπιθυμιῶν
900 2314 936 2349 αἳ
963 2315 1030 2357 μέν
1059 2314 1129 2349 εἰσι
1152 2314 1329 2359 (φυσικαί
1356 2316 1415 2350 καὶ
1442 2315 1554 2356 ἀναγ-

143 2378 254 2417 καῖαι,
281 2374 318 2410 αἳ
344 2373 406 2418 δὲ)
433 2376 591 2418 φυσικαί
618 2375 685 2417 μὲν
711 2377 788 2409 κτλ.
828 2375 833 2417 1
873 2375 894 2409 6
921 2375 1135 2418 cupiditates
1162 2375 1342 2407 naturales
1372 2383 1407 2407 et
1432 2366 1553 2407 neces—

144 2435 255 2468 sariae
282 2445 352 2478 quo
379 2434 487 2468 modo
511 2440 712 2473 nascantur,
741 2435 893 2477 explicat
919 2434 1105 2466 Lucretius
1133 2441 1175 2467 lv
1194 2433 1383 2468 858-876
1419 2433 1425 2475 1
1462 2433 1482 2465 7
1510 2433 1553 2465 cf.

143 2495 210 2538 Ep.
229 2504 284 2538 ep.
300 2494 430 2528 111130
449 2499 538 2527 sent.
557 2502 613 2527 xv
640 2494 710 2526 Cic.
738 2494 761 2527 1.
782 2505 809 2526 s.
829 2494 886 2531 34,
905 2493 962 2526 97.
990 2493 1047 2531 35,
1072 2494 1136 2525 102
1175 2492 1181 2533 1
1221 2493 1242 2525 8
1257 2504 1307 2535 sq.
1328 2493 1370 2525 cs.
1392 2492 1464 2525 Cic.
1484 2493 1508 2523 l.
1525 2502 1552 2524 s.

128 2550 463 2597 .§94(p.288‚23)
496 2551 502 2596 Ι
538 2554 582 2587 13
605 2555 684 2586 τῶν
711 2552 916 2593 ἐπιθυμιῶν
942 2554 1032 2586 τῶν
1060 2552 1240 2593 ἡδονῶν
1267 2550 1304 2585 αἱ
1332 2551 1467 2584 Aldus:
1496 2551 1554 2582 de—

144 2613 216 2645 leui
235 2612 415 2653 glossema
447 2611 454 2656 1
491 2613 534 2645 14
558 2611 670 2656 τινες]
691 2612 846 2655 φυσικαὶ
864 2611 925 2645 καί
951 2611 1158 2644 Gassendus
1184 2621 1218 2653 p.
1240 2610 1329 2643 1733
1365 2613 1370 2652 1
1408 2610 1450 2642 15
1478 2620 1554 2643 και-

143 2672 216 2713 νὴν
241 2672 440 2714 γενόμεναι
467 2672 583 2704 Aldus
622 2671 628 2716 1
667 2672 711 2705 23
740 2672 882 2713 ἐφορᾶς
900 2671 985 2703 libri
1023 2672 1029 2713 Ι
1068 2671 1114 2704 25
1133 2670 1311 2712 ἔχουσαν·
1338 2669 1374 2704 αἱ
1399 2670 1439 2705 δὲ
1463 2672 1554 2705 τῶν

146 2730 433 2776 ἀφροδισίων
459 2730 520 2771 αἷς
545 2731 641 2770 libri,
669 2731 787 2763 deleui
815 2730 994 2771 glossema
