<?xml version="1.0" encoding="UTF-8"?>
<!DOCTYPE html PUBLIC "-//W3C//DTD XHTML 1.0 Transitional//EN"
    "http://www.w3.org/TR/xhtml1/DTD/xhtml1-transitional.dtd">
<html xmlns="http://www.w3.org/1999/xhtml" xml:lang="en" lang="en">
 <head>
  <title>
</title>
<meta http-equiv="Content-Type" content="text/html;charset=utf-8" />
  <meta name='ocr-system' content='tesseract 3.04.00' />
  <meta name='ocr-capabilities' content='ocr_page ocr_carea ocr_par ocr_line ocrx_word'/>
</head>
<body>
  <div class='ocr_page' id='page_1' title='image "./epicvreaedidithe00epicuoft/epicvreaedidithe00epicuoft_0327.png"; bbox 0 0 1842 3250; ppageno 0'>
   <div class='ocr_carea' id='block_1_1' title="bbox 115 606 132 632">
    <p class='ocr_par' dir='ltr' id='par_1_1' title="bbox 115 606 132 632">
     <span class='ocr_line' id='line_1_1' title="bbox 115 606 132 632; textangle 90"><span class='ocrx_word' id='word_1_1' title='bbox 115 606 132 632; x_wconf 58' lang='lat'>2⁸!</span> 
     </span>
    </p>
   </div>
   <div class='ocr_carea' id='block_1_2' title="bbox 99 931 130 955">
    <p class='ocr_par' dir='ltr' id='par_1_2' title="bbox 99 931 130 955">
     <span class='ocr_line' id='line_1_2' title="bbox 99 931 130 955; baseline 0 0"><span class='ocrx_word' id='word_1_2' title='bbox 99 931 130 955; x_wconf 88' lang='lat'>10</span> 
     </span>
    </p>
   </div>
   <div class='ocr_carea' id='block_1_3' title="bbox 98 1253 129 1278">
    <p class='ocr_par' dir='ltr' id='par_1_3' title="bbox 98 1253 129 1278">
     <span class='ocr_line' id='line_1_3' title="bbox 98 1253 129 1278; baseline 0.032 -1"><span class='ocrx_word' id='word_1_3' title='bbox 98 1253 129 1278; x_wconf 77' lang='lat'>15</span> 
     </span>
    </p>
   </div>
   <div class='ocr_carea' id='block_1_4' title="bbox 93 1578 138 1601">
    <p class='ocr_par' dir='ltr' id='par_1_4' title="bbox 93 1578 138 1601">
     <span class='ocr_line' id='line_1_4' title="bbox 93 1578 138 1601; baseline 0 0"><span class='ocrx_word' id='word_1_4' title='bbox 93 1578 138 1601; x_wconf 28' lang='lat'>20⁷</span> 
     </span>
    </p>
   </div>
   <div class='ocr_carea' id='block_1_5' title="bbox 51 2420 121 2455">
    <p class='ocr_par' dir='ltr' id='par_1_5' title="bbox 51 2420 121 2455">
     <span class='ocr_line' id='line_1_5' title="bbox 51 2420 121 2455; baseline -0.014 0"><span class='ocrx_word' id='word_1_5' title='bbox 51 2420 121 2455; x_wconf 83' lang='lat'>365</span> 
     </span>
    </p>
   </div>
   <div class='ocr_carea' id='block_1_6' title="bbox 639 226 1568 259">
    <p class='ocr_par' dir='ltr' id='par_1_6' title="bbox 639 226 1568 259">
     <span class='ocr_line' id='line_1_6' title="bbox 639 226 1568 259; baseline 0.001 -2"><span class='ocrx_word' id='word_1_6' title='bbox 639 226 845 258; x_wconf 83' lang='lat' dir='ltr'>EPICVRI</span> <span class='ocrx_word' id='word_1_7' title='bbox 874 226 1087 259; x_wconf 85' lang='lat' dir='ltr'>PHYSICA</span> <span class='ocrx_word' id='word_1_8' title='bbox 1500 226 1568 258; x_wconf 80' lang='lat'>243</span> 
     </span>
    </p>
   </div>
   <div class='ocr_carea' id='block_1_7' title="bbox 151 340 1574 1354">
    <p class='ocr_par' dir='ltr' id='par_1_7' title="bbox 155 340 1574 834">
     <span class='ocr_line' id='line_1_7' title="bbox 158 340 1574 378; baseline 0.001 -7"><span class='ocrx_word' id='word_1_9' title='bbox 158 340 292 371; x_wconf 85' lang='lat' dir='ltr'>buendi</span> <span class='ocrx_word' id='word_1_10' title='bbox 325 350 389 372; x_wconf 88' lang='lat' dir='ltr'>nec</span> <span class='ocrx_word' id='word_1_11' title='bbox 425 340 577 371; x_wconf 87' lang='lat' dir='ltr'>nocendi</span> <span class='ocrx_word' id='word_1_12' title='bbox 612 341 758 372; x_wconf 85' lang='lat' dir='ltr'>materia</span> <span class='ocrx_word' id='word_1_13' title='bbox 791 345 863 378; x_wconf 87' lang='lat' dir='ltr'>est;</span> <span class='ocrx_word' id='word_1_14' title='bbox 903 341 938 372; x_wconf 86' lang='lat' dir='ltr'>in</span> <span class='ocrx_word' id='word_1_15' title='bbox 965 341 1085 373; x_wconf 84' lang='lat' dir='ltr'>medio</span> <span class='ocrx_word' id='word_1_16' title='bbox 1113 341 1305 373; x_wconf 84' lang='lat' dir='ltr'>interuallo</span> <span class='ocrx_word' id='word_1_17' title='bbox 1333 340 1437 372; x_wconf 89' lang='lat' dir='ltr'>huius</span> <span class='ocrx_word' id='word_1_18' title='bbox 1465 346 1498 372; x_wconf 86' lang='lat' dir='ltr'>et</span> <span class='ocrx_word' id='word_1_19' title='bbox 1524 341 1574 372; x_wconf 79' lang='lat' dir='ltr'>al·</span> 
     </span>
     <span class='ocr_line' id='line_1_8' title="bbox 156 404 1570 444; baseline 0.001 -8"><span class='ocrx_word' id='word_1_20' title='bbox 156 405 267 436; x_wconf 87' lang='lat' dir='ltr'>terius</span> <span class='ocrx_word' id='word_1_21' title='bbox 294 404 385 437; x_wconf 84' lang='lat' dir='ltr'>caeli</span> <span class='ocrx_word' id='word_1_22' title='bbox 409 405 569 437; x_wconf 84' lang='lat' dir='ltr'>desertus</span> <span class='ocrx_word' id='word_1_23' title='bbox 598 404 673 437; x_wconf 85' lang='lat' dir='ltr'>sine</span> <span class='ocrx_word' id='word_1_24' title='bbox 699 405 853 444; x_wconf 85' lang='lat' dir='ltr'>animali,</span> <span class='ocrx_word' id='word_1_25' title='bbox 882 405 958 438; x_wconf 84' lang='lat' dir='ltr'>sine</span> <span class='ocrx_word' id='word_1_26' title='bbox 984 406 1139 444; x_wconf 86' lang='lat' dir='ltr'>homine,</span> <span class='ocrx_word' id='word_1_27' title='bbox 1168 406 1243 437; x_wconf 84' lang='lat' dir='ltr'>sine</span> <span class='ocrx_word' id='word_1_28' title='bbox 1269 417 1305 437; x_wconf 90' lang='lat' dir='ltr'>re</span> <span class='ocrx_word' id='word_1_29' title='bbox 1329 406 1446 437; x_wconf 86' lang='lat' dir='ltr'>ruinas</span> <span class='ocrx_word' id='word_1_30' title='bbox 1473 416 1570 437; x_wconf 84' lang='lat' dir='ltr'>mun-</span> 
     </span>
     <span class='ocr_line' id='line_1_9' title="bbox 157 469 1570 512; baseline 0.001 -12"><span class='ocrx_word' id='word_1_31' title='bbox 157 469 283 501; x_wconf 88' lang='lat' dir='ltr'>dorum</span> <span class='ocrx_word' id='word_1_32' title='bbox 316 479 422 511; x_wconf 85' lang='lat' dir='ltr'>supra</span> <span class='ocrx_word' id='word_1_33' title='bbox 449 480 486 501; x_wconf 90' lang='lat' dir='ltr'>se</span> <span class='ocrx_word' id='word_1_34' title='bbox 513 470 678 512; x_wconf 85' lang='lat' dir='ltr'>circaque</span> <span class='ocrx_word' id='word_1_35' title='bbox 710 480 748 501; x_wconf 87' lang='lat' dir='ltr'>se</span> <span class='ocrx_word' id='word_1_36' title='bbox 775 471 976 503; x_wconf 84' lang='lat' dir='ltr'><strong>cadentium</strong></span> <span class='ocrx_word' id='word_1_37' title='bbox 1010 471 1118 502; x_wconf 83' lang='lat' dir='ltr'>euitat</span> <span class='ocrx_word' id='word_1_38' title='bbox 1151 481 1222 502; x_wconf 88' lang='lat' dir='ltr'>non</span> <span class='ocrx_word' id='word_1_39' title='bbox 1259 470 1451 502; x_wconf 75' lang='lat' dir='ltr'>exaudiens</span> <span class='ocrx_word' id='word_1_40' title='bbox 1487 475 1570 502; x_wconf 76' lang='lat' dir='ltr'>uota</span> 
     </span>
     <span class='ocr_line' id='line_1_10' title="bbox 156 534 1569 577; baseline 0 -12"><span class='ocrx_word' id='word_1_41' title='bbox 156 544 222 565; x_wconf 86' lang='lat' dir='ltr'>nec</span> <span class='ocrx_word' id='word_1_42' title='bbox 246 534 358 566; x_wconf 85' lang='lat' dir='ltr'>nostri</span> <span class='ocrx_word' id='word_1_43' title='bbox 384 534 557 567; x_wconf 79' lang='lat' dir='ltr'>curiosus.</span> <span class='ocrx_word' id='word_1_44' title='bbox 609 535 706 577; x_wconf 86' lang='lat' dir='ltr'>atqui</span> <span class='ocrx_word' id='word_1_45' title='bbox 737 535 831 566; x_wconf 86' lang='lat' dir='ltr'>hunc</span> <span class='ocrx_word' id='word_1_46' title='bbox 861 535 914 567; x_wconf 85' lang='lat' dir='ltr'>uis</span> <span class='ocrx_word' id='word_1_47' title='bbox 942 535 1058 567; x_wconf 88' lang='lat' dir='ltr'>uideri</span> <span class='ocrx_word' id='word_1_48' title='bbox 1092 535 1211 567; x_wconf 86' lang='lat' dir='ltr'>colere</span> <span class='ocrx_word' id='word_1_49' title='bbox 1238 546 1309 566; x_wconf 87' lang='lat' dir='ltr'>non</span> <span class='ocrx_word' id='word_1_50' title='bbox 1336 535 1439 566; x_wconf 79' lang='lat' dir='ltr'>aliter</span> <span class='ocrx_word' id='word_1_51' title='bbox 1466 545 1569 577; x_wconf 87' lang='lat' dir='ltr'>quam</span> 
     </span>
     <span class='ocr_line' id='line_1_11' title="bbox 155 599 1572 642; baseline 0 -13"><span class='ocrx_word' id='word_1_52' title='bbox 155 602 347 640; x_wconf 82' lang='lat' dir='ltr'>parentem,</span> <span class='ocrx_word' id='word_1_53' title='bbox 373 604 471 639; x_wconf 79' lang='lat' dir='ltr'>grato</span> <span class='ocrx_word' id='word_1_54' title='bbox 491 604 528 631; x_wconf 89' lang='lat' dir='ltr'>ut</span> <span class='ocrx_word' id='word_1_55' title='bbox 545 599 674 642; x_wconf 84' lang='lat' dir='ltr'>opinor</span> <span class='ocrx_word' id='word_1_56' title='bbox 692 600 827 637; x_wconf 73' lang='lat' dir='ltr'>anim03</span> <span class='ocrx_word' id='word_1_57' title='bbox 855 604 926 636; x_wconf 85' lang='lat' dir='ltr'>aut,</span> <span class='ocrx_word' id='word_1_58' title='bbox 955 600 985 631; x_wconf 84' lang='lat' dir='ltr'>si</span> <span class='ocrx_word' id='word_1_59' title='bbox 1012 610 1081 630; x_wconf 89' lang='lat' dir='ltr'>non</span> <span class='ocrx_word' id='word_1_60' title='bbox 1109 600 1163 631; x_wconf 86' lang='lat' dir='ltr'>uis</span> <span class='ocrx_word' id='word_1_61' title='bbox 1188 604 1307 639; x_wconf 87' lang='lat' dir='ltr'>gratus</span> <span class='ocrx_word' id='word_1_62' title='bbox 1334 599 1461 636; x_wconf 82' lang='lat' dir='ltr'>uideri,</span> <span class='ocrx_word' id='word_1_63' title='bbox 1489 599 1572 640; x_wconf 78' lang='lat' dir='ltr'>quia</span> 
     </span>
     <span class='ocr_line' id='line_1_12' title="bbox 155 662 1570 702; baseline -0.001 -8"><span class='ocrx_word' id='word_1_64' title='bbox 155 662 293 694; x_wconf 85' lang='lat' dir='ltr'>nullum</span> <span class='ocrx_word' id='word_1_65' title='bbox 324 663 436 695; x_wconf 84' lang='lat' dir='ltr'>habes</span> <span class='ocrx_word' id='word_1_66' title='bbox 468 663 568 695; x_wconf 71' lang='lat' dir='ltr'>illius</span> <span class='ocrx_word' id='word_1_67' title='bbox 601 664 824 702; x_wconf 82' lang='lat' dir='ltr'>beneficium,</span> <span class='ocrx_word' id='word_1_68' title='bbox 867 664 929 696; x_wconf 86' lang='lat' dir='ltr'>sed</span> <span class='ocrx_word' id='word_1_69' title='bbox 960 670 993 695; x_wconf 88' lang='lat' dir='ltr'>te</span> <span class='ocrx_word' id='word_1_70' title='bbox 1026 664 1134 696; x_wconf 84' lang='lat' dir='ltr'>atomi</span> <span class='ocrx_word' id='word_1_71' title='bbox 1168 669 1201 694; x_wconf 76' lang='lat' dir='ltr'>et</span> <span class='ocrx_word' id='word_1_72' title='bbox 1232 664 1323 695; x_wconf 76' lang='lat' dir='ltr'>istae</span> <span class='ocrx_word' id='word_1_73' title='bbox 1349 663 1461 695; x_wconf 83' lang='lat' dir='ltr'>micae</span> <span class='ocrx_word' id='word_1_74' title='bbox 1489 668 1570 694; x_wconf 83' lang='lat' dir='ltr'>tuae</span> 
     </span>
     <span class='ocr_line' id='line_1_13' title="bbox 156 726 1570 771; baseline 0 -13"><span class='ocrx_word' id='word_1_75' title='bbox 156 726 246 758; x_wconf 83' lang='lat' dir='ltr'>forte</span> <span class='ocrx_word' id='word_1_76' title='bbox 273 737 313 759; x_wconf 87' lang='lat' dir='ltr'>ac</span> <span class='ocrx_word' id='word_1_77' title='bbox 339 732 471 760; x_wconf 86' lang='lat' dir='ltr'>temere</span> <span class='ocrx_word' id='word_1_78' title='bbox 496 728 815 769; x_wconf 85' lang='lat' dir='ltr'>conglobauerunt‚</span> <span class='ocrx_word' id='word_1_79' title='bbox 842 739 904 760; x_wconf 92' lang='lat' dir='ltr'>cur</span> <span class='ocrx_word' id='word_1_80' title='bbox 929 728 1039 760; x_wconf 80' lang='lat' dir='ltr'>colis?</span> <span class='ocrx_word' id='word_1_81' title='bbox 1084 729 1234 771; x_wconf 77' lang='lat' dir='ltr'>Propter</span> <span class='ocrx_word' id='word_1_82' title='bbox 1260 728 1492 764; x_wconf 81' lang='lat' dir='ltr'>maiestatem,</span> <span class='ocrx_word' id='word_1_83' title='bbox 1521 728 1570 758; x_wconf 88' lang='lat' dir='ltr'>in-</span> 
     </span>
     <span class='ocr_line' id='line_1_14' title="bbox 156 791 1013 834; baseline 0.002 -12"><span class='ocrx_word' id='word_1_84' title='bbox 156 791 247 834; x_wconf 88' lang='lat' dir='ltr'>quis,</span> <span class='ocrx_word' id='word_1_85' title='bbox 275 792 352 823; x_wconf 81' lang='lat' dir='ltr'>eius</span> <span class='ocrx_word' id='word_1_86' title='bbox 380 793 554 831; x_wconf 82' lang='lat' dir='ltr'>eximiam,</span> <span class='ocrx_word' id='word_1_87' title='bbox 583 793 797 833; x_wconf 83' lang='lat' dir='ltr'>singularem</span> <span class='ocrx_word' id='word_1_88' title='bbox 823 798 982 825; x_wconf 80' lang='lat' dir='ltr'>naturam</span> <span class='ocrx_word' id='word_1_89' title='bbox 995 792 1013 825; x_wconf 88' lang='lat'>&#39;.</span> 
     </span>
    </p>

    <p class='ocr_par' dir='ltr' id='par_1_8' title="bbox 152 855 1569 1028">
     <span class='ocr_line' id='line_1_15' title="bbox 154 855 1569 900; baseline 0 -13"><span class='ocrx_word' id='word_1_90' title='bbox 154 855 203 888; x_wconf 85' lang='lat' dir='ltr'>ib.</span> <span class='ocrx_word' id='word_1_91' title='bbox 230 863 282 888; x_wconf 85' lang='lat' dir='ltr'>vn</span> <span class='ocrx_word' id='word_1_92' title='bbox 309 856 366 895; x_wconf 85' lang='lat'>31,</span> <span class='ocrx_word' id='word_1_93' title='bbox 393 857 414 890; x_wconf 88' lang='lat'><strong>3</strong></span> <span class='ocrx_word' id='word_1_94' title='bbox 449 855 560 889; x_wconf 78' lang='lat' dir='ltr'>‘alius</span> <span class='ocrx_word' id='word_1_95' title='bbox 589 857 663 888; x_wconf 90' lang='lat' dir='ltr'>illis</span> <span class='ocrx_word' id='word_1_96' title='bbox 691 856 778 900; x_wconf 86' lang='lat' dir='ltr'>(dis)</span> <span class='ocrx_word' id='word_1_97' title='bbox 805 857 917 889; x_wconf 88' lang='lat' dir='ltr'>obicit</span> <span class='ocrx_word' id='word_1_98' title='bbox 943 857 1205 898; x_wconf 76' lang='lat' dir='ltr'>neglegentiam</span> <span class='ocrx_word' id='word_1_99' title='bbox 1234 856 1358 892; x_wconf 66' lang='lat' dir='ltr'>nostri„</span> <span class='ocrx_word' id='word_1_100' title='bbox 1387 856 1479 888; x_wconf 84' lang='lat' dir='ltr'>alius</span> <span class='ocrx_word' id='word_1_101' title='bbox 1507 856 1569 888; x_wconf 89' lang='lat' dir='ltr'>ini-</span> 
     </span>
     <span class='ocr_line' id='line_1_16' title="bbox 154 919 1569 964; baseline 0.001 -13"><span class='ocrx_word' id='word_1_102' title='bbox 154 919 333 962; x_wconf 84' lang='lat' dir='ltr'>quitatem.</span> <span class='ocrx_word' id='word_1_103' title='bbox 385 921 477 953; x_wconf 87' lang='lat' dir='ltr'>alius</span> <span class='ocrx_word' id='word_1_104' title='bbox 504 920 589 953; x_wconf 87' lang='lat' dir='ltr'>illos</span> <span class='ocrx_word' id='word_1_105' title='bbox 623 926 718 953; x_wconf 82' lang='lat' dir='ltr'>extra</span> <span class='ocrx_word' id='word_1_106' title='bbox 744 921 913 953; x_wconf 85' lang='lat' dir='ltr'>mundum</span> <span class='ocrx_word' id='word_1_107' title='bbox 942 932 1042 953; x_wconf 82' lang='lat' dir='ltr'>suum</span> <span class='ocrx_word' id='word_1_108' title='bbox 1070 921 1198 964; x_wconf 83' lang='lat' dir='ltr'>proicit</span> <span class='ocrx_word' id='word_1_109' title='bbox 1226 926 1260 952; x_wconf 87' lang='lat' dir='ltr'>et</span> <span class='ocrx_word' id='word_1_110' title='bbox 1285 921 1434 962; x_wconf 85' lang='lat' dir='ltr'>ignauos</span> <span class='ocrx_word' id='word_1_111' title='bbox 1462 921 1569 952; x_wconf 86' lang='lat' dir='ltr'>hebe-</span> 
     </span>
     <span class='ocr_line' id='line_1_17' title="bbox 152 984 1061 1028; baseline 0.001 -12"><span class='ocrx_word' id='word_1_112' title='bbox 152 988 278 1026; x_wconf 80' lang='lat' dir='ltr'>tesque</span> <span class='ocrx_word' id='word_1_113' title='bbox 303 985 380 1017; x_wconf 90' lang='lat' dir='ltr'>sine</span> <span class='ocrx_word' id='word_1_114' title='bbox 406 985 498 1023; x_wconf 85' lang='lat' dir='ltr'>luce,</span> <span class='ocrx_word' id='word_1_115' title='bbox 526 986 602 1017; x_wconf 87' lang='lat' dir='ltr'>sine</span> <span class='ocrx_word' id='word_1_116' title='bbox 630 985 706 1017; x_wconf 88' lang='lat' dir='ltr'>ullo</span> <span class='ocrx_word' id='word_1_117' title='bbox 735 995 843 1028; x_wconf 85' lang='lat' dir='ltr'>opere</span> <span class='ocrx_word' id='word_1_118' title='bbox 873 984 1061 1018; x_wconf 73' lang='lat' dir='ltr'>destituit’.</span> 
     </span>
    </p>

    <p class='ocr_par' dir='ltr' id='par_1_9' title="bbox 151 1037 1570 1354">
     <span class='ocr_line' id='line_1_18' title="bbox 153 1037 1569 1093; baseline 0.001 -14"><span class='ocrx_word' id='word_1_119' title='bbox 153 1048 197 1081; x_wconf 86' lang='lat' dir='ltr'>cf.</span> <span class='ocrx_word' id='word_1_120' title='bbox 223 1049 421 1092; x_wconf 83' lang='lat' dir='ltr'>Dionysius</span> <span class='ocrx_word' id='word_1_121' title='bbox 448 1049 642 1092; x_wconf 86' lang='lat' dir='ltr'>episcopus</span> <span class='ocrx_word' id='word_1_122' title='bbox 669 1049 753 1091; x_wconf 75' lang='grc' dir='ltr'>περὶ</span> <span class='ocrx_word' id='word_1_123' title='bbox 779 1049 933 1092; x_wconf 86' lang='grc' dir='ltr'>φύσεως</span> <span class='ocrx_word' id='word_1_124' title='bbox 965 1060 1020 1093; x_wconf 87' lang='lat' dir='ltr'>ap.</span> <span class='ocrx_word' id='word_1_125' title='bbox 1046 1050 1243 1081; x_wconf 84' lang='lat' dir='ltr'>Eusebium</span> <span class='ocrx_word' id='word_1_126' title='bbox 1270 1059 1391 1092; x_wconf 81' lang='lat' dir='ltr'>praep.</span> <span class='ocrx_word' id='word_1_127' title='bbox 1420 1037 1479 1082; x_wconf 37' lang='lat' dir='ltr'>eu..</span> <span class='ocrx_word' id='word_1_128' title='bbox 1501 1055 1569 1081; x_wconf 75' lang='lat' dir='ltr'>xlv</span> 
     </span>
     <span class='ocr_line' id='line_1_19' title="bbox 152 1112 1570 1158; baseline 0 -12"><span class='ocrx_word' id='word_1_129' title='bbox 152 1112 211 1150; x_wconf 80' lang='lat'>27,</span> <span class='ocrx_word' id='word_1_130' title='bbox 229 1113 251 1146; x_wconf 88' lang='grc'>8</span> <span class='ocrx_word' id='word_1_131' title='bbox 277 1124 311 1156; x_wconf 88' lang='lat' dir='ltr'>p.</span> <span class='ocrx_word' id='word_1_132' title='bbox 331 1113 418 1147; x_wconf 65' lang='grc' dir='ltr'>782ε</span> <span class='ocrx_word' id='word_1_133' title='bbox 457 1114 548 1155; x_wconf 83' lang='grc' dir='ltr'>τοὺς</span> <span class='ocrx_word' id='word_1_134' title='bbox 574 1115 614 1149; x_wconf 81' lang='grc' dir='ltr'>δὲ</span> <span class='ocrx_word' id='word_1_135' title='bbox 641 1114 750 1154; x_wconf 87' lang='grc' dir='ltr'>θεοὺς</span> <span class='ocrx_word' id='word_1_136' title='bbox 783 1114 866 1158; x_wconf 81' lang='grc' dir='ltr'>περὶ</span> <span class='ocrx_word' id='word_1_137' title='bbox 898 1114 953 1148; x_wconf 84' lang='grc' dir='ltr'>ὧν</span> <span class='ocrx_word' id='word_1_138' title='bbox 979 1114 1014 1148; x_wconf 82' lang='grc' dir='ltr'>οἱ</span> <span class='ocrx_word' id='word_1_139' title='bbox 1043 1114 1110 1155; x_wconf 82' lang='grc' dir='ltr'>μὲν</span> <span class='ocrx_word' id='word_1_140' title='bbox 1137 1115 1290 1158; x_wconf 81' lang='grc' dir='ltr'>ποιηταὶ</span> <span class='ocrx_word' id='word_1_141' title='bbox 1326 1113 1413 1156; x_wconf 83' lang='grc' dir='ltr'>παρ’</span> <span class='ocrx_word' id='word_1_142' title='bbox 1442 1113 1570 1153; x_wconf 79' lang='grc' dir='ltr'>αὐτοῖς</span> 
     </span>
     <span class='ocr_line' id='line_1_20' title="bbox 153 1176 1567 1222; baseline 0 -11"><span class='ocrx_word' id='word_1_143' title='bbox 153 1177 286 1221; x_wconf 82' lang='grc' dir='ltr'>ᾄδουσι</span> <span class='ocrx_word' id='word_1_144' title='bbox 315 1177 501 1221; x_wconf 74' lang='grc' dir='ltr'>“δωτῆρες</span> <span class='ocrx_word' id='word_1_145' title='bbox 527 1178 654 1221; x_wconf 70' lang='grc' dir='ltr'>ἐὰων’,</span> <span class='ocrx_word' id='word_1_146' title='bbox 695 1179 802 1213; x_wconf 84' lang='grc' dir='ltr'>οὗτοι</span> <span class='ocrx_word' id='word_1_147' title='bbox 828 1179 869 1213; x_wconf 79' lang='grc' dir='ltr'>δὲ</span> <span class='ocrx_word' id='word_1_148' title='bbox 897 1178 931 1213; x_wconf 80' lang='grc' dir='ltr'>οἱ</span> <span class='ocrx_word' id='word_1_149' title='bbox 958 1179 1164 1222; x_wconf 82' lang='grc' dir='ltr'>φιλόσοφοι</span> <span class='ocrx_word' id='word_1_150' title='bbox 1197 1179 1290 1219; x_wconf 85' lang='grc' dir='ltr'>μετὰ</span> <span class='ocrx_word' id='word_1_151' title='bbox 1322 1176 1483 1219; x_wconf 85' lang='grc' dir='ltr'>τωθείας</span> <span class='ocrx_word' id='word_1_152' title='bbox 1509 1177 1567 1211; x_wconf 81' lang='grc' dir='ltr'>εὐ-</span> 
     </span>
     <span class='ocr_line' id='line_1_21' title="bbox 151 1242 1569 1287; baseline 0 -11"><span class='ocrx_word' id='word_1_153' title='bbox 151 1245 342 1285; x_wconf 87' lang='grc' dir='ltr'>φημοῦσι·</span> <span class='ocrx_word' id='word_1_154' title='bbox 385 1242 500 1277; x_wconf 66' lang='grc' dir='ltr'>*θεοὶ</span> <span class='ocrx_word' id='word_1_155' title='bbox 532 1243 717 1278; x_wconf 85' lang='grc' dir='ltr'>πάντων</span> <span class='ocrx_word' id='word_1_156' title='bbox 752 1243 938 1285; x_wconf 84' lang='grc' dir='ltr'>ἀγαθῶν</span> <span class='ocrx_word' id='word_1_157' title='bbox 967 1243 1203 1287; x_wconf 82' lang='grc' dir='ltr'>ἀδώρητοί</span> <span class='ocrx_word' id='word_1_158' title='bbox 1228 1254 1275 1277; x_wconf 90' lang='grc' dir='ltr'>τε</span> <span class='ocrx_word' id='word_1_159' title='bbox 1303 1244 1375 1277; x_wconf 82' lang='grc' dir='ltr'>καὶ</span> <span class='ocrx_word' id='word_1_160' title='bbox 1402 1243 1569 1285; x_wconf 84' lang='grc' dir='ltr'>ἀμέτο-</span> 
     </span>
     <span class='ocr_line' id='line_1_22' title="bbox 153 1306 1568 1354; baseline 0.001 -13"><span class='ocrx_word' id='word_1_161' title='bbox 153 1307 249 1350; x_wconf 82' lang='grc' dir='ltr'>χοι’,</span> <span class='ocrx_word' id='word_1_162' title='bbox 285 1306 358 1342; x_wconf 88' lang='grc' dir='ltr'>τίνι</span> <span class='ocrx_word' id='word_1_163' title='bbox 385 1309 445 1342; x_wconf 89' lang='grc' dir='ltr'>καὶ</span> <span class='ocrx_word' id='word_1_164' title='bbox 470 1308 602 1352; x_wconf 86' lang='grc' dir='ltr'>τρόπῳ</span> <span class='ocrx_word' id='word_1_165' title='bbox 627 1312 918 1352; x_wconf 84' lang='grc' dir='ltr'>τεκμηριοῡνται</span> <span class='ocrx_word' id='word_1_166' title='bbox 947 1307 1088 1354; x_wconf 75' lang='grc' dir='ltr'>[θεοὺς]</span> <span class='ocrx_word' id='word_1_167' title='bbox 1117 1310 1221 1346; x_wconf 80' lang='grc' dir='ltr'>εἶναι,</span> <span class='ocrx_word' id='word_1_168' title='bbox 1256 1308 1349 1351; x_wconf 88' lang='grc' dir='ltr'>μήτε</span> <span class='ocrx_word' id='word_1_169' title='bbox 1376 1308 1568 1351; x_wconf 85' lang='grc' dir='ltr'>παρόντας</span> 
     </span>
    </p>
   </div>
   <div class='ocr_carea' id='block_1_8' title="bbox 150 1371 1568 1609">
    <p class='ocr_par' dir='ltr' id='par_1_10' title="bbox 150 1371 1568 1609">
     <span class='ocr_line' id='line_1_23' title="bbox 152 1371 1568 1416; baseline 0.001 -11"><span class='ocrx_word' id='word_1_170' title='bbox 152 1372 212 1406; x_wconf 81' lang='grc' dir='ltr'>καὶ</span> <span class='ocrx_word' id='word_1_171' title='bbox 239 1371 478 1415; x_wconf 83' lang='grc' dir='ltr'>πράττοντάς</span> <span class='ocrx_word' id='word_1_172' title='bbox 502 1383 538 1406; x_wconf 89' lang='grc' dir='ltr'>τι</span> <span class='ocrx_word' id='word_1_173' title='bbox 565 1374 731 1416; x_wconf 81' lang='grc' dir='ltr'>ὁρῶντες</span> <span class='ocrx_word' id='word_1_174' title='bbox 758 1400 764 1406; x_wconf 94' lang='grc'><em>.</em></span> <span class='ocrx_word' id='word_1_175' title='bbox 787 1400 792 1407; x_wconf 92' lang='grc'>.</span> <span class='ocrx_word' id='word_1_176' title='bbox 814 1400 821 1407; x_wconf 95' lang='grc'><strong>.</strong></span> <span class='ocrx_word' id='word_1_177' title='bbox 842 1400 850 1408; x_wconf 90' lang='grc'><strong>.</strong></span> <span class='ocrx_word' id='word_1_178' title='bbox 878 1373 972 1416; x_wconf 83' lang='grc' dir='ltr'>μήτε</span> <span class='ocrx_word' id='word_1_179' title='bbox 998 1373 1082 1406; x_wconf 89' lang='grc' dir='ltr'>τινὰ</span> <span class='ocrx_word' id='word_1_180' title='bbox 1110 1372 1356 1415; x_wconf 76' lang='grc' dir='ltr'>δημιουργίαν</span> <span class='ocrx_word' id='word_1_181' title='bbox 1389 1373 1517 1413; x_wconf 81' lang='grc' dir='ltr'>αὐτοῖς</span> <span class='ocrx_word' id='word_1_182' title='bbox 1543 1372 1568 1414; x_wconf 83' lang='grc' dir='ltr'>ἢ</span> 
     </span>
     <span class='ocr_line' id='line_1_24' title="bbox 152 1437 1565 1481; baseline 0 -11"><span class='ocrx_word' id='word_1_183' title='bbox 152 1437 390 1480; x_wconf 88' lang='grc' dir='ltr'>κατασκευὴν</span> <span class='ocrx_word' id='word_1_184' title='bbox 423 1438 714 1481; x_wconf 80' lang='grc' dir='ltr'>προσνέμοντες,</span> <span class='ocrx_word' id='word_1_185' title='bbox 755 1439 803 1473; x_wconf 78' lang='grc' dir='ltr'>ἵν’</span> <span class='ocrx_word' id='word_1_186' title='bbox 831 1439 872 1473; x_wconf 83' lang='grc' dir='ltr'>ἐκ</span> <span class='ocrx_word' id='word_1_187' title='bbox 904 1441 973 1473; x_wconf 79' lang='grc' dir='ltr'>τοῦ</span> <span class='ocrx_word' id='word_1_188' title='bbox 1007 1441 1124 1472; x_wconf 85' lang='grc' dir='ltr'>θεῖναι</span> <span class='ocrx_word' id='word_1_189' title='bbox 1159 1439 1263 1472; x_wconf 80' lang='grc' dir='ltr'>τοῦτ’</span> <span class='ocrx_word' id='word_1_190' title='bbox 1299 1438 1377 1472; x_wconf 81' lang='grc' dir='ltr'>ἔστι</span> <span class='ocrx_word' id='word_1_191' title='bbox 1413 1440 1565 1479; x_wconf 85' lang='grc' dir='ltr'>ποιῆσαι</span> 
     </span>
     <span class='ocr_line' id='line_1_25' title="bbox 152 1501 1567 1546; baseline 0 -11"><span class='ocrx_word' id='word_1_192' title='bbox 152 1501 433 1544; x_wconf 86' lang='grc' dir='ltr'>θεοποιήσωσιν</span> <span class='ocrx_word' id='word_1_193' title='bbox 467 1503 617 1545; x_wconf 84' lang='grc' dir='ltr'>αὐτούς,</span> <span class='ocrx_word' id='word_1_194' title='bbox 656 1530 663 1537; x_wconf 92' lang='grc'><strong>.</strong></span> <span class='ocrx_word' id='word_1_195' title='bbox 685 1530 691 1537; x_wconf 93' lang='grc'><strong>.</strong></span> <span class='ocrx_word' id='word_1_196' title='bbox 713 1530 720 1537; x_wconf 92' lang='grc'><strong>.</strong></span> <span class='ocrx_word' id='word_1_197' title='bbox 741 1530 748 1538; x_wconf 92' lang='grc'><strong>.</strong></span> <span class='ocrx_word' id='word_1_198' title='bbox 776 1503 870 1545; x_wconf 86' lang='grc' dir='ltr'>μήτε</span> <span class='ocrx_word' id='word_1_199' title='bbox 905 1502 1088 1546; x_wconf 85' lang='grc' dir='ltr'>διοίκησιν</span> <span class='ocrx_word' id='word_1_200' title='bbox 1118 1503 1140 1544; x_wconf 89' lang='grc' dir='ltr'>ἢ</span> <span class='ocrx_word' id='word_1_201' title='bbox 1169 1502 1289 1545; x_wconf 81' lang='grc' dir='ltr'>κρίσιν</span> <span class='ocrx_word' id='word_1_202' title='bbox 1316 1503 1338 1544; x_wconf 83' lang='grc' dir='ltr'>ἢ</span> <span class='ocrx_word' id='word_1_203' title='bbox 1369 1501 1474 1545; x_wconf 83' lang='grc' dir='ltr'>χάριν</span> <span class='ocrx_word' id='word_1_204' title='bbox 1503 1502 1567 1536; x_wconf 77' lang='grc' dir='ltr'>αὐ-</span> 
     </span>
     <span class='ocr_line' id='line_1_26' title="bbox 150 1563 1568 1609; baseline -0.001 -9"><span class='ocrx_word' id='word_1_205' title='bbox 150 1567 230 1600; x_wconf 80' lang='grc' dir='ltr'>τῶν</span> <span class='ocrx_word' id='word_1_206' title='bbox 254 1577 340 1600; x_wconf 88' lang='grc' dir='ltr'>τινα</span> <span class='ocrx_word' id='word_1_207' title='bbox 365 1566 459 1609; x_wconf 90' lang='grc' dir='ltr'>πρὸς</span> <span class='ocrx_word' id='word_1_208' title='bbox 486 1565 713 1609; x_wconf 83' lang='grc' dir='ltr'>ἀνθρώπους</span> <span class='ocrx_word' id='word_1_209' title='bbox 744 1566 985 1608; x_wconf 80' lang='grc' dir='ltr'>ἐκτιθέμενοι,</span> <span class='ocrx_word' id='word_1_210' title='bbox 1023 1566 1086 1599; x_wconf 78' lang='grc' dir='ltr'>ἵνα</span> <span class='ocrx_word' id='word_1_211' title='bbox 1113 1565 1235 1608; x_wconf 86' lang='grc' dir='ltr'>φόβον</span> <span class='ocrx_word' id='word_1_212' title='bbox 1262 1564 1284 1606; x_wconf 84' lang='grc' dir='ltr'>ἢ</span> <span class='ocrx_word' id='word_1_213' title='bbox 1311 1565 1423 1606; x_wconf 86' lang='grc' dir='ltr'>τιμὴν</span> <span class='ocrx_word' id='word_1_214' title='bbox 1450 1563 1568 1606; x_wconf 83' lang='grc' dir='ltr'>ὀφλή-</span> 
     </span>
    </p>
   </div>
   <div class='ocr_carea' id='block_1_9' title="bbox 149 1628 1567 2320">
    <p class='ocr_par' dir='ltr' id='par_1_11' title="bbox 150 1628 1567 2063">
     <span class='ocr_line' id='line_1_27' title="bbox 151 1628 1565 1674; baseline -0.003 -8"><span class='ocrx_word' id='word_1_215' title='bbox 151 1640 286 1673; x_wconf 86' lang='grc' dir='ltr'>σαντες</span> <span class='ocrx_word' id='word_1_216' title='bbox 313 1630 639 1674; x_wconf 85' lang='grc' dir='ltr'>προσκυνήσωμεν</span> <span class='ocrx_word' id='word_1_217' title='bbox 667 1632 815 1672; x_wconf 85' lang='grc' dir='ltr'>αὐτοῑς;</span> <span class='ocrx_word' id='word_1_218' title='bbox 854 1631 876 1673; x_wconf 85' lang='grc' dir='ltr'>ἢ</span> <span class='ocrx_word' id='word_1_219' title='bbox 904 1634 973 1665; x_wconf 84' lang='grc' dir='ltr'>τοῦ</span> <span class='ocrx_word' id='word_1_220' title='bbox 1001 1631 1144 1672; x_wconf 89' lang='grc' dir='ltr'>κόσμου</span> <span class='ocrx_word' id='word_1_221' title='bbox 1172 1629 1373 1672; x_wconf 87' lang='grc' dir='ltr'>προκύψας</span> <span class='ocrx_word' id='word_1_222' title='bbox 1400 1628 1565 1662; x_wconf 81' lang='grc' dir='ltr'>Ἐπίκου-</span> 
     </span>
     <span class='ocr_line' id='line_1_28' title="bbox 150 1692 1567 1740; baseline -0.003 -10"><span class='ocrx_word' id='word_1_223' title='bbox 150 1706 216 1739; x_wconf 89' lang='grc' dir='ltr'>ρος</span> <span class='ocrx_word' id='word_1_224' title='bbox 240 1697 301 1730; x_wconf 82' lang='grc' dir='ltr'>καὶ</span> <span class='ocrx_word' id='word_1_225' title='bbox 326 1696 394 1730; x_wconf 89' lang='grc' dir='ltr'>τὸν</span> <span class='ocrx_word' id='word_1_226' title='bbox 421 1695 599 1739; x_wconf 85' lang='grc' dir='ltr'>οὐράνιον</span> <span class='ocrx_word' id='word_1_227' title='bbox 626 1697 789 1739; x_wconf 83' lang='grc' dir='ltr'>ὑπερβὰς</span> <span class='ocrx_word' id='word_1_228' title='bbox 817 1695 1017 1740; x_wconf 84' lang='grc' dir='ltr'>περίβολον</span> <span class='ocrx_word' id='word_1_229' title='bbox 1044 1695 1067 1736; x_wconf 87' lang='grc' dir='ltr'>ἢ</span> <span class='ocrx_word' id='word_1_230' title='bbox 1096 1694 1155 1729; x_wconf 82' lang='grc' dir='ltr'>διά</span> <span class='ocrx_word' id='word_1_231' title='bbox 1181 1704 1296 1728; x_wconf 89' lang='grc' dir='ltr'>τινων</span> <span class='ocrx_word' id='word_1_232' title='bbox 1324 1692 1496 1736; x_wconf 85' lang='grc' dir='ltr'>κρυφίων</span> <span class='ocrx_word' id='word_1_233' title='bbox 1523 1692 1567 1734; x_wconf 81' lang='grc' dir='ltr'>ἃς</span> 
     </span>
     <span class='ocr_line' id='line_1_29' title="bbox 151 1758 1566 1804; baseline -0.004 -9"><span class='ocrx_word' id='word_1_234' title='bbox 151 1760 265 1802; x_wconf 88' lang='grc' dir='ltr'>μόνος</span> <span class='ocrx_word' id='word_1_235' title='bbox 294 1760 397 1795; x_wconf 79' lang='grc' dir='ltr'>οἶδεν</span> <span class='ocrx_word' id='word_1_236' title='bbox 427 1760 587 1795; x_wconf 81' lang='grc' dir='ltr'>ἐξελθὼν</span> <span class='ocrx_word' id='word_1_237' title='bbox 619 1762 751 1795; x_wconf 81' lang='grc' dir='ltr'>πυλῶν</span> <span class='ocrx_word' id='word_1_238' title='bbox 784 1761 876 1802; x_wconf 89' lang='grc' dir='ltr'>τοὺς</span> <span class='ocrx_word' id='word_1_239' title='bbox 902 1760 941 1794; x_wconf 81' lang='grc' dir='ltr'>ἐν</span> <span class='ocrx_word' id='word_1_240' title='bbox 968 1763 1022 1804; x_wconf 83' lang='grc' dir='ltr'>τῷ</span> <span class='ocrx_word' id='word_1_241' title='bbox 1051 1762 1147 1803; x_wconf 84' lang='grc' dir='ltr'>κενῷ</span> <span class='ocrx_word' id='word_1_242' title='bbox 1182 1759 1330 1793; x_wconf 82' lang='grc' dir='ltr'>κατεῖδε</span> <span class='ocrx_word' id='word_1_243' title='bbox 1363 1758 1473 1798; x_wconf 88' lang='grc' dir='ltr'>θεοὺς</span> <span class='ocrx_word' id='word_1_244' title='bbox 1507 1758 1566 1790; x_wconf 76' lang='grc' dir='ltr'>καὶ</span> 
     </span>
     <span class='ocr_line' id='line_1_30' title="bbox 150 1823 1567 1869; baseline -0.001 -11"><span class='ocrx_word' id='word_1_245' title='bbox 150 1825 222 1868; x_wconf 86' lang='grc' dir='ltr'>τὴν</span> <span class='ocrx_word' id='word_1_246' title='bbox 248 1826 392 1868; x_wconf 86' lang='grc' dir='ltr'>πολλὴν</span> <span class='ocrx_word' id='word_1_247' title='bbox 424 1825 552 1860; x_wconf 86' lang='grc' dir='ltr'>αὐτῶν</span> <span class='ocrx_word' id='word_1_248' title='bbox 585 1825 786 1869; x_wconf 85' lang='grc' dir='ltr'>ἐμακάρισε</span> <span class='ocrx_word' id='word_1_249' title='bbox 818 1825 969 1869; x_wconf 85' lang='grc' dir='ltr'>τρυφὴν</span> <span class='ocrx_word' id='word_1_250' title='bbox 1002 1824 1172 1860; x_wconf 82' lang='grc' dir='ltr'>κάκεῖθεν</span> <span class='ocrx_word' id='word_1_251' title='bbox 1201 1823 1434 1866; x_wconf 81' lang='grc' dir='ltr'>ἐπιθυμητὴς</span> <span class='ocrx_word' id='word_1_252' title='bbox 1460 1823 1567 1864; x_wconf 87' lang='grc' dir='ltr'>γενό-</span> 
     </span>
     <span class='ocr_line' id='line_1_31' title="bbox 152 1886 1567 1933; baseline -0.001 -11"><span class='ocrx_word' id='word_1_253' title='bbox 152 1898 265 1930; x_wconf 88' lang='grc' dir='ltr'>μενος</span> <span class='ocrx_word' id='word_1_254' title='bbox 298 1890 368 1931; x_wconf 88' lang='grc' dir='ltr'>τῆς</span> <span class='ocrx_word' id='word_1_255' title='bbox 398 1888 540 1931; x_wconf 84' lang='grc' dir='ltr'>ἡδονῆς</span> <span class='ocrx_word' id='word_1_256' title='bbox 575 1889 636 1922; x_wconf 82' lang='grc' dir='ltr'>καὶ</span> <span class='ocrx_word' id='word_1_257' title='bbox 667 1890 736 1930; x_wconf 84' lang='grc' dir='ltr'>τῆς</span> <span class='ocrx_word' id='word_1_258' title='bbox 768 1889 808 1923; x_wconf 77' lang='grc' dir='ltr'>ἑν</span> <span class='ocrx_word' id='word_1_259' title='bbox 843 1891 898 1933; x_wconf 79' lang='grc' dir='ltr'>τῷ</span> <span class='ocrx_word' id='word_1_260' title='bbox 936 1891 1034 1932; x_wconf 82' lang='grc' dir='ltr'>κενῷ</span> <span class='ocrx_word' id='word_1_261' title='bbox 1068 1887 1241 1930; x_wconf 85' lang='grc' dir='ltr'>ζηλωτὴς</span> <span class='ocrx_word' id='word_1_262' title='bbox 1280 1886 1424 1929; x_wconf 78' lang='grc' dir='ltr'>διαίτης</span> <span class='ocrx_word' id='word_1_263' title='bbox 1465 1887 1567 1921; x_wconf 84' lang='grc' dir='ltr'>οὕτω</span> 
     </span>
     <span class='ocr_line' id='line_1_32' title="bbox 150 1951 1566 1998; baseline -0.001 -11"><span class='ocrx_word' id='word_1_264' title='bbox 150 1952 297 1994; x_wconf 87' lang='grc' dir='ltr'>πάντας</span> <span class='ocrx_word' id='word_1_265' title='bbox 322 1953 383 1988; x_wconf 81' lang='grc' dir='ltr'>ἐπὶ</span> <span class='ocrx_word' id='word_1_266' title='bbox 407 1954 479 1997; x_wconf 85' lang='grc' dir='ltr'>τὴν</span> <span class='ocrx_word' id='word_1_267' title='bbox 510 1956 580 1988; x_wconf 86' lang='grc' dir='ltr'>τοῦ</span> <span class='ocrx_word' id='word_1_268' title='bbox 606 1957 842 1998; x_wconf 82' lang='grc' dir='ltr'>μακαρισμοῦ</span> <span class='ocrx_word' id='word_1_269' title='bbox 873 1954 1014 1988; x_wconf 84' lang='grc' dir='ltr'>τούτου</span> <span class='ocrx_word' id='word_1_270' title='bbox 1049 1951 1254 1996; x_wconf 82' lang='grc' dir='ltr'>μετουσίαν</span> <span class='ocrx_word' id='word_1_271' title='bbox 1292 1952 1566 1994; x_wconf 80' lang='grc' dir='ltr'>ἐξομοιωθησο-</span> 
     </span>
     <span class='ocr_line' id='line_1_33' title="bbox 151 2016 1035 2063; baseline 0 -11"><span class='ocrx_word' id='word_1_272' title='bbox 151 2018 288 2060; x_wconf 85' lang='grc' dir='ltr'>μένους</span> <span class='ocrx_word' id='word_1_273' title='bbox 314 2016 469 2060; x_wconf 86' lang='grc' dir='ltr'>ἐκείνοις</span> <span class='ocrx_word' id='word_1_274' title='bbox 494 2022 572 2060; x_wconf 84' lang='grc' dir='ltr'>τοῖς</span> <span class='ocrx_word' id='word_1_275' title='bbox 600 2020 700 2060; x_wconf 84' lang='grc' dir='ltr'>θεοῖς</span> <span class='ocrx_word' id='word_1_276' title='bbox 724 2020 932 2063; x_wconf 72' lang='grc' dir='ltr'>παρῶεαλεῑ</span> <span class='ocrx_word' id='word_1_277' title='bbox 958 2020 1035 2053; x_wconf 82' lang='grc' dir='ltr'>κτλ.</span> 
     </span>
    </p>

    <p class='ocr_par' dir='ltr' id='par_1_12' title="bbox 149 2081 1565 2320">
     <span class='ocr_line' id='line_1_34' title="bbox 151 2081 1565 2124; baseline -0.001 -9"><span class='ocrx_word' id='word_1_278' title='bbox 151 2083 202 2115; x_wconf 88' lang='lat' dir='ltr'>sic</span> <span class='ocrx_word' id='word_1_279' title='bbox 229 2083 354 2116; x_wconf 84' lang='lat' dir='ltr'>Cicero</span> <span class='ocrx_word' id='word_1_280' title='bbox 383 2088 470 2117; x_wconf 86' lang='lat' dir='ltr'>orat.</span> <span class='ocrx_word' id='word_1_281' title='bbox 496 2083 535 2117; x_wconf 85' lang='lat' dir='ltr'>in</span> <span class='ocrx_word' id='word_1_282' title='bbox 558 2085 600 2117; x_wconf 90' lang='lat' dir='ltr'>L.</span> <span class='ocrx_word' id='word_1_283' title='bbox 627 2084 797 2117; x_wconf 84' lang='lat' dir='ltr'>Pisonem</span> <span class='ocrx_word' id='word_1_284' title='bbox 823 2084 882 2122; x_wconf 84' lang='lat'>25,</span> <span class='ocrx_word' id='word_1_285' title='bbox 901 2083 947 2117; x_wconf 81' lang='lat'>59</span> <span class='ocrx_word' id='word_1_286' title='bbox 984 2083 1072 2115; x_wconf 88' lang='lat' dir='ltr'>haec</span> <span class='ocrx_word' id='word_1_287' title='bbox 1098 2083 1210 2114; x_wconf 88' lang='lat' dir='ltr'>uerba</span> <span class='ocrx_word' id='word_1_288' title='bbox 1235 2082 1359 2114; x_wconf 85' lang='lat' dir='ltr'>Pisoni</span> <span class='ocrx_word' id='word_1_289' title='bbox 1386 2081 1565 2124; x_wconf 86' lang='lat' dir='ltr'>Epicureo</span> 
     </span>
     <span class='ocr_line' id='line_1_35' title="bbox 149 2146 1564 2191; baseline -0.002 -12"><span class='ocrx_word' id='word_1_290' title='bbox 149 2146 275 2179; x_wconf 85' lang='lat' dir='ltr'>tribuit</span> <span class='ocrx_word' id='word_1_291' title='bbox 306 2146 412 2190; x_wconf 86' lang='lat' dir='ltr'>‘quid</span> <span class='ocrx_word' id='word_1_292' title='bbox 439 2152 505 2186; x_wconf 84' lang='lat' dir='ltr'>est,</span> <span class='ocrx_word' id='word_1_293' title='bbox 530 2147 670 2186; x_wconf 86' lang='lat' dir='ltr'>Caesar,</span> <span class='ocrx_word' id='word_1_294' title='bbox 698 2148 795 2190; x_wconf 89' lang='lat' dir='ltr'>quod</span> <span class='ocrx_word' id='word_1_295' title='bbox 822 2153 855 2180; x_wconf 86' lang='lat' dir='ltr'>te</span> <span class='ocrx_word' id='word_1_296' title='bbox 883 2146 1163 2191; x_wconf 82' lang='lat' dir='ltr'>supplicationes</span> <span class='ocrx_word' id='word_1_297' title='bbox 1189 2147 1322 2178; x_wconf 87' lang='lat' dir='ltr'>totiens</span> <span class='ocrx_word' id='word_1_298' title='bbox 1349 2147 1417 2177; x_wconf 87' lang='lat' dir='ltr'>iam</span> <span class='ocrx_word' id='word_1_299' title='bbox 1446 2146 1564 2177; x_wconf 80' lang='lat' dir='ltr'>decre-</span> 
     </span>
     <span class='ocr_line' id='line_1_36' title="bbox 150 2210 1563 2255; baseline -0.002 -12"><span class='ocrx_word' id='word_1_300' title='bbox 150 2216 206 2243; x_wconf 85' lang='lat' dir='ltr'>tae</span> <span class='ocrx_word' id='word_1_301' title='bbox 238 2215 290 2243; x_wconf 91' lang='lat' dir='ltr'>tot</span> <span class='ocrx_word' id='word_1_302' title='bbox 321 2210 458 2244; x_wconf 82' lang='lat' dir='ltr'>dierum</span> <span class='ocrx_word' id='word_1_303' title='bbox 490 2216 589 2244; x_wconf 82' lang='lat' dir='ltr'>tanto</span> <span class='ocrx_word' id='word_1_304' title='bbox 622 2222 729 2255; x_wconf 88' lang='lat' dir='ltr'>opere</span> <span class='ocrx_word' id='word_1_305' title='bbox 766 2210 970 2245; x_wconf 85' lang='lat' dir='ltr'>delectent?</span> <span class='ocrx_word' id='word_1_306' title='bbox 1012 2212 1049 2243; x_wconf 90' lang='lat' dir='ltr'>in</span> <span class='ocrx_word' id='word_1_307' title='bbox 1082 2211 1212 2254; x_wconf 89' lang='lat' dir='ltr'>quibus</span> <span class='ocrx_word' id='word_1_308' title='bbox 1247 2210 1411 2242; x_wconf 88' lang='lat' dir='ltr'>homines</span> <span class='ocrx_word' id='word_1_309' title='bbox 1446 2219 1563 2241; x_wconf 87' lang='lat' dir='ltr'>errore</span> 
     </span>
     <span class='ocr_line' id='line_1_37' title="bbox 150 2274 1565 2320; baseline -0.001 -13"><span class='ocrx_word' id='word_1_310' title='bbox 150 2275 338 2314; x_wconf 84' lang='lat' dir='ltr'>ducuntur,</span> <span class='ocrx_word' id='word_1_311' title='bbox 367 2285 454 2318; x_wconf 86' lang='lat' dir='ltr'>quas</span> <span class='ocrx_word' id='word_1_312' title='bbox 482 2275 517 2308; x_wconf 86' lang='lat' dir='ltr'>di</span> <span class='ocrx_word' id='word_1_313' title='bbox 545 2276 752 2318; x_wconf 81' lang='lat' dir='ltr'>neglegunt,</span> <span class='ocrx_word' id='word_1_314' title='bbox 789 2276 863 2320; x_wconf 88' lang='lat' dir='ltr'>qui,</span> <span class='ocrx_word' id='word_1_315' title='bbox 893 2280 931 2307; x_wconf 89' lang='lat' dir='ltr'>ut</span> <span class='ocrx_word' id='word_1_316' title='bbox 955 2280 1077 2308; x_wconf 80' lang='lat' dir='ltr'>noster</span> <span class='ocrx_word' id='word_1_317' title='bbox 1103 2275 1246 2307; x_wconf 84' lang='lat' dir='ltr'>diuinus</span> <span class='ocrx_word' id='word_1_318' title='bbox 1272 2275 1336 2307; x_wconf 88' lang='lat' dir='ltr'>ille</span> <span class='ocrx_word' id='word_1_319' title='bbox 1364 2275 1452 2307; x_wconf 87' lang='lat' dir='ltr'>dixit</span> <span class='ocrx_word' id='word_1_320' title='bbox 1481 2274 1565 2317; x_wconf 82' lang='lat' dir='ltr'>Epi-</span> 
     </span>
    </p>
   </div>
   <div class='ocr_carea' id='block_1_10' title="bbox 148 2338 1295 2384">
    <p class='ocr_par' dir='ltr' id='par_1_13' title="bbox 148 2338 1295 2384">
     <span class='ocr_line' id='line_1_38' title="bbox 148 2338 1295 2384; baseline 0 -12"><span class='ocrx_word' id='word_1_321' title='bbox 148 2350 266 2380; x_wconf 90' lang='lat' dir='ltr'>curus,</span> <span class='ocrx_word' id='word_1_322' title='bbox 293 2350 408 2384; x_wconf 84' lang='lat' dir='ltr'>neque</span> <span class='ocrx_word' id='word_1_323' title='bbox 433 2340 580 2384; x_wconf 89' lang='lat' dir='ltr'>propitii</span> <span class='ocrx_word' id='word_1_324' title='bbox 606 2340 769 2383; x_wconf 86' lang='lat' dir='ltr'>cuiquam</span> <span class='ocrx_word' id='word_1_325' title='bbox 797 2350 876 2372; x_wconf 86' lang='lat' dir='ltr'>esse</span> <span class='ocrx_word' id='word_1_326' title='bbox 905 2339 1023 2371; x_wconf 89' lang='lat' dir='ltr'>solent</span> <span class='ocrx_word' id='word_1_327' title='bbox 1047 2349 1162 2381; x_wconf 88' lang='lat' dir='ltr'>neque</span> <span class='ocrx_word' id='word_1_328' title='bbox 1176 2339 1265 2383; x_wconf 30' lang='lat' dir='ltr'>,irati</span> <span class='ocrx_word' id='word_1_329' title='bbox 1276 2338 1295 2372; x_wconf 85' lang='lat'>’.</span> 
     </span>
    </p>
   </div>
   <div class='ocr_carea' id='block_1_11' title="bbox 149 2417 1564 2526">
    <p class='ocr_par' dir='ltr' id='par_1_14' title="bbox 149 2417 1564 2526">
     <span class='ocr_line' id='line_1_39' title="bbox 271 2417 1563 2463; baseline -0.003 -9"><span class='ocrx_word' id='word_1_330' title='bbox 271 2419 517 2454; x_wconf 69' lang='lat' dir='ltr'>LAOTAN&#39;rlvn</span> <span class='ocrx_word' id='word_1_331' title='bbox 545 2421 591 2452; x_wconf 87' lang='lat' dir='ltr'>de</span> <span class='ocrx_word' id='word_1_332' title='bbox 614 2420 667 2453; x_wconf 80' lang='lat' dir='ltr'>ira</span> <span class='ocrx_word' id='word_1_333' title='bbox 691 2421 750 2453; x_wconf 87' lang='lat' dir='ltr'>dei</span> <span class='ocrx_word' id='word_1_334' title='bbox 767 2419 802 2459; x_wconf 84' lang='lat'>4,</span> <span class='ocrx_word' id='word_1_335' title='bbox 820 2421 837 2454; x_wconf 89' lang='lat'>1</span> <span class='ocrx_word' id='word_1_336' title='bbox 864 2419 982 2463; x_wconf 87' lang='lat' dir='ltr'>‘quod</span> <span class='ocrx_word' id='word_1_337' title='bbox 1009 2420 1179 2463; x_wconf 86' lang='lat' dir='ltr'>sequitur,</span> <span class='ocrx_word' id='word_1_338' title='bbox 1204 2420 1249 2452; x_wconf 88' lang='lat' dir='ltr'>de</span> <span class='ocrx_word' id='word_1_339' title='bbox 1276 2419 1401 2452; x_wconf 84' lang='lat' dir='ltr'>schola</span> <span class='ocrx_word' id='word_1_340' title='bbox 1418 2417 1563 2462; x_wconf 83' lang='lat' dir='ltr'>Epicuri</span> 
     </span>
     <span class='ocr_line' id='line_1_40' title="bbox 149 2484 1564 2526; baseline -0.001 -10"><span class='ocrx_word' id='word_1_341' title='bbox 149 2488 219 2516; x_wconf 85' lang='lat' dir='ltr'>est:</span> <span class='ocrx_word' id='word_1_342' title='bbox 247 2485 339 2517; x_wconf 86' lang='lat' dir='ltr'>sicut</span> <span class='ocrx_word' id='word_1_343' title='bbox 366 2484 452 2516; x_wconf 86' lang='lat' dir='ltr'>iram</span> <span class='ocrx_word' id='word_1_344' title='bbox 478 2484 515 2516; x_wconf 87' lang='lat' dir='ltr'>in</span> <span class='ocrx_word' id='word_1_345' title='bbox 541 2484 610 2516; x_wconf 89' lang='lat' dir='ltr'>deo</span> <span class='ocrx_word' id='word_1_346' title='bbox 641 2494 714 2517; x_wconf 87' lang='lat' dir='ltr'>non</span> <span class='ocrx_word' id='word_1_347' title='bbox 740 2494 832 2522; x_wconf 87' lang='lat' dir='ltr'>esse,</span> <span class='ocrx_word' id='word_1_348' title='bbox 858 2484 909 2516; x_wconf 83' lang='lat' dir='ltr'>ita</span> <span class='ocrx_word' id='word_1_349' title='bbox 935 2495 979 2516; x_wconf 88' lang='lat' dir='ltr'>ne</span> <span class='ocrx_word' id='word_1_350' title='bbox 1007 2484 1155 2526; x_wconf 77' lang='lat' dir='ltr'>gratiam</span> <span class='ocrx_word' id='word_1_351' title='bbox 1181 2484 1338 2526; x_wconf 83' lang='lat' dir='ltr'>quidem.</span> <span class='ocrx_word' id='word_1_352' title='bbox 1379 2493 1459 2515; x_wconf 86' lang='lat' dir='ltr'>nam</span> <span class='ocrx_word' id='word_1_353' title='bbox 1486 2493 1564 2514; x_wconf 86' lang='lat' dir='ltr'>cum</span> 
     </span>
    </p>
   </div>
   <div class='ocr_carea' id='block_1_12' title="bbox 145 2637 1570 2850">
    <p class='ocr_par' dir='ltr' id='par_1_15' title="bbox 270 2637 1564 2682">
     <span class='ocr_line' id='line_1_41' title="bbox 270 2637 1564 2682; baseline 0 -10"><span class='ocrx_word' id='word_1_354' title='bbox 270 2638 314 2672; x_wconf 80' lang='lat'>14</span> <span class='ocrx_word' id='word_1_355' title='bbox 342 2637 475 2682; x_wconf 81' lang='grc' dir='ltr'>ᾄδουσι</span> <span class='ocrx_word' id='word_1_356' title='bbox 504 2639 612 2671; x_wconf 91' lang='lat' dir='ltr'>Hom.</span> <span class='ocrx_word' id='word_1_357' title='bbox 638 2638 708 2671; x_wconf 92' lang='lat' dir='ltr'>Od.</span> <span class='ocrx_word' id='word_1_358' title='bbox 735 2639 756 2672; x_wconf 94' lang='grc' dir='ltr'>θ</span> <span class='ocrx_word' id='word_1_359' title='bbox 783 2638 852 2671; x_wconf 74' lang='lat'>325</span> <span class='ocrx_word' id='word_1_360' title='bbox 878 2637 1030 2670; x_wconf 88' lang='lat' dir='ltr'>Hesiod.</span> <span class='ocrx_word' id='word_1_361' title='bbox 1057 2638 1177 2678; x_wconf 83' lang='lat' dir='ltr'>theog.</span> <span class='ocrx_word' id='word_1_362' title='bbox 1205 2638 1270 2670; x_wconf 88' lang='lat'>111</span> <span class='ocrx_word' id='word_1_363' title='bbox 1292 2637 1336 2671; x_wconf 79' lang='lat' dir='ltr'>al.</span> <span class='ocrx_word' id='word_1_364' title='bbox 1366 2639 1371 2680; x_wconf 72' lang='grc' dir='ltr'>Ι</span> <span class='ocrx_word' id='word_1_365' title='bbox 1402 2637 1564 2680; x_wconf 84' lang='grc' dir='ltr'>δοτῆρας</span> 
     </span>
    </p>

    <p class='ocr_par' dir='ltr' id='par_1_16' title="bbox 145 2695 1570 2850">
     <span class='ocr_line' id='line_1_42' title="bbox 145 2695 1560 2740; baseline 0.001 -12"><span class='ocrx_word' id='word_1_366' title='bbox 145 2696 231 2729; x_wconf 83' lang='lat' dir='ltr'>libri</span> <span class='ocrx_word' id='word_1_367' title='bbox 259 2696 266 2739; x_wconf 87' lang='grc'>1</span> <span class='ocrx_word' id='word_1_368' title='bbox 298 2697 342 2730; x_wconf 84' lang='grc'>16</span> <span class='ocrx_word' id='word_1_369' title='bbox 359 2695 431 2731; x_wconf 85' lang='grc' dir='ltr'>τίνι</span> <span class='ocrx_word' id='word_1_370' title='bbox 451 2695 524 2740; x_wconf 86' lang='grc' dir='ltr'>καὶ]</span> <span class='ocrx_word' id='word_1_371' title='bbox 544 2697 604 2730; x_wconf 78' lang='grc' dir='ltr'>καὶ</span> <span class='ocrx_word' id='word_1_372' title='bbox 622 2695 695 2731; x_wconf 89' lang='grc' dir='ltr'>τίνι</span> <span class='ocrx_word' id='word_1_373' title='bbox 713 2697 796 2729; x_wconf 81' lang='lat' dir='ltr'>libri</span> <span class='ocrx_word' id='word_1_374' title='bbox 826 2697 832 2740; x_wconf 84' lang='grc' dir='ltr'>Ι</span> <span class='ocrx_word' id='word_1_375' title='bbox 860 2696 904 2729; x_wconf 84' lang='lat'>23</span> <span class='ocrx_word' id='word_1_376' title='bbox 922 2696 1012 2737; x_wconf 86' lang='grc' dir='ltr'>τοὺς</span> <span class='ocrx_word' id='word_1_377' title='bbox 1022 2696 1194 2737; x_wconf 83' lang='lat' dir='ltr'>Vigerus:</span> <span class='ocrx_word' id='word_1_378' title='bbox 1217 2695 1283 2737; x_wconf 80' lang='grc' dir='ltr'>οὓς</span> <span class='ocrx_word' id='word_1_379' title='bbox 1300 2696 1385 2727; x_wconf 85' lang='lat' dir='ltr'>libri</span> <span class='ocrx_word' id='word_1_380' title='bbox 1420 2695 1435 2739; x_wconf 85' lang='grc' dir='ltr'>ΙΙ</span> <span class='ocrx_word' id='word_1_381' title='bbox 1470 2697 1560 2729; x_wconf 81' lang='lat'>34-</span> 
     </span>
     <span class='ocr_line' id='line_1_43' title="bbox 147 2754 1562 2798; baseline 0.001 -11"><span class='ocrx_word' id='word_1_382' title='bbox 147 2765 181 2797; x_wconf 87' lang='lat' dir='ltr'>p.</span> <span class='ocrx_word' id='word_1_383' title='bbox 197 2754 283 2798; x_wconf 81' lang='lat'>244,</span> <span class='ocrx_word' id='word_1_384' title='bbox 298 2755 319 2787; x_wconf 83' lang='lat'>4</span> <span class='ocrx_word' id='word_1_385' title='bbox 345 2756 536 2798; x_wconf 83' lang='lat' dir='ltr'>Epicurum</span> <span class='ocrx_word' id='word_1_386' title='bbox 556 2755 730 2798; x_wconf 79' lang='lat' dir='ltr'>Epicurea</span> <span class='ocrx_word' id='word_1_387' title='bbox 748 2756 871 2796; x_wconf 82' lang='lat' dir='ltr'>regula</span> <span class='ocrx_word' id='word_1_388' title='bbox 889 2756 1093 2788; x_wconf 84' lang='lat' dir='ltr'>Lactantius</span> <span class='ocrx_word' id='word_1_389' title='bbox 1112 2756 1241 2787; x_wconf 81' lang='lat' dir='ltr'>refutat</span> <span class='ocrx_word' id='word_1_390' title='bbox 1260 2755 1282 2789; x_wconf 91' lang='lat' dir='ltr'>l.</span> <span class='ocrx_word' id='word_1_391' title='bbox 1300 2766 1326 2789; x_wconf 76' lang='lat' dir='ltr'>s,</span> <span class='ocrx_word' id='word_1_392' title='bbox 1347 2757 1379 2792; x_wconf 82' lang='lat'>5,</span> <span class='ocrx_word' id='word_1_393' title='bbox 1399 2756 1440 2789; x_wconf 83' lang='lat'>17</span> <span class='ocrx_word' id='word_1_394' title='bbox 1468 2755 1562 2788; x_wconf 88' lang='lat' dir='ltr'>‘cum</span> 
     </span>
     <span class='ocr_line' id='line_1_44' title="bbox 1509 2822 1570 2850; baseline 0 0"><span class='ocrx_word' id='word_1_395' title='bbox 1509 2822 1570 2850; x_wconf 71' lang='lat'>16*</span> 
     </span>
    </p>
   </div>
  </div>
 </body>
</html>
