1842 3250
55 382 60 386 ,
102 349 166 379 (⁵⁶)

134 932 166 957 20

133 1252 165 1278 15

132 1573 167 1599 20

131 1893 164 1920 25

102 2087 166 2120 (⁶28)

131 2218 166 2245 30

191 225 230 258 fr.
259 225 328 258 352
670 225 875 256 EPICVRI
902 224 1118 267 PHVYSICA
1533 224 1604 258 237

238 341 294 374 his
326 340 520 373 terroribus
556 340 601 371 ab
628 339 785 381 Epicuro
824 339 932 370 soluti
967 346 1001 371 et
1033 339 1070 370 in
1099 339 1302 371 libertatern
1335 338 1506 371 uindicati
1539 350 1604 371 nec

191 406 379 439 metuimus
407 414 482 442 eos,
521 414 612 447 quos
644 404 887 444 intellegimus
914 414 977 436 nec
1006 404 1075 435 sibi
1103 404 1236 444 fingere
1264 404 1372 435 ullam
1405 404 1604 436 molestiam

191 481 256 503 nec
283 469 385 502 alteri
414 479 596 512 quaerere,
639 474 672 501 et
698 469 755 511 pie
783 475 975 512 sancteque
1003 469 1154 501 colimus
1182 474 1341 501 naturam
1368 469 1602 501 excellentem

191 539 295 577 atque
322 532 586 577 praestantem’.

190 599 239 632 id.
268 598 324 637 34,
351 597 398 632 95
430 597 485 629 ‘et
510 597 615 630 maris
642 597 730 630 deos
759 602 792 628 et
820 597 968 630 feminas
997 608 1075 630 esse
1102 597 1247 631 dicitis'.

192 660 470 705 QVINTILIANVS
488 661 639 694 institut.
658 668 713 694 Vll
732 661 801 698 3‚5
827 660 907 703 ‘qui
935 666 1039 702 neget
1068 661 1171 702 deum
1198 671 1276 692 esse
1303 661 1466 704 spiritum
1493 662 1603 694 omni-

190 727 258 759 bus
289 726 451 770 partibus
485 726 682 764 inmixtum,
720 736 791 758 non
826 727 894 758 'noc
929 726 1034 764 dicat,
1074 727 1197 758 falsam
1225 736 1304 758 esse
1331 727 1473 759 diuinae
1502 726 1602 758 illius

191 796 335 824 naturae
364 790 654 834 appellationem,
683 791 774 822 sicut
800 790 986 833 Epicurus,
1020 790 1080 832 qui
1107 790 1294 822 humanam
1321 791 1352 823 ei
1380 791 1525 823 sormam
1551 791 1603 824 lo-

191 866 342 898 cumque
368 857 459 888 inter
484 855 637 888 mundos
665 855 790 888 dedit'.

191 921 436 954 AVGVSTINVS
456 920 499 952 ad
518 920 732 952 Dioscorum
753 920 856 962 epist.
873 926 996 952 CXVII}
1017 918 1062 952 27
1081 924 1104 951 t.
1123 927 1154 951 Π
1172 930 1205 962 p.
1226 918 1313 952 340²»
1332 919 1388 953 ed.
1403 917 1491 953 ven.
1512 920 1602 954 1719

189 984 340 1028 ‘quanto
373 985 467 1016 enim
499 984 626 1031 melius
658 994 702 1015 ne
732 983 910 1015 audissem
942 983 1088 1026 quidem
1121 994 1248 1016 nomen
1275 984 1472 1016 Democriti
1499 996 1603 1028 quam

190 1060 269 1082 cum
296 1049 422 1081 dolore
454 1049 646 1090 cogitarem
678 1049 800 1080 nescio
833 1059 938 1091 quem
969 1049 1041 1080 suis
1069 1048 1289 1091 temporibus
1315 1059 1480 1089 magnum
1506 1055 1603 1093 puta-

189 1120 274 1153 tum,
312 1114 373 1157 qui
401 1115 490 1147 deos
517 1124 596 1146 esse
625 1114 853 1145 arbitraretur
881 1114 1065 1154 imagines,
1101 1124 1191 1155 quae
1218 1114 1262 1145 de
1290 1114 1418 1146 solidis
1446 1115 1604 1158 corpori-

189 1179 256 1211 bus
296 1178 444 1211 fluerent
483 1177 695 1219 solidaeque
731 1176 829 1218 ipsae
862 1187 934 1209 non
967 1162 1096 1215 essent,
1136 1188 1266 1220 easque
1302 1177 1366 1209 hae
1399 1182 1503 1221 atque
1537 1179 1604 1211 hac

190 1248 287 1276 motu
321 1242 466 1286 proprio
501 1242 632 1274 circum
668 1242 786 1273 eundo
822 1246 928 1284 atque
965 1242 1151 1274 illabendo
1187 1243 1222 1273 in
1254 1242 1386 1274 animas
1420 1243 1603 1275 hominum

190 1308 305 1340 faeere
341 1312 380 1339 ut
418 1306 472 1338 uis
508 1306 631 1338 diuina
666 1307 851 1347 cogitetur,
897 1317 972 1337 curn
1015 1307 1173 1348 profecto
1213 1306 1304 1338 illud
1342 1317 1470 1350 corpus
1510 1307 1605 1339 unde

189 1373 307 1414 imago
339 1371 415 1403 fluit
441 1375 573 1414 quanto
610 1370 761 1403 solidius
790 1376 851 1408 est,
891 1375 989 1402 tanto
1016 1370 1253 1413 praestantius
1280 1382 1422 1414 quoque
1449 1381 1527 1403 esse
1555 1371 1606 1403 iu-

189 1436 348 1469 dicetur?
374 1435 531 1479 ideoque
558 1435 751 1472 fluctuauit‚
779 1435 868 1466 sicut
895 1435 953 1466 isti
981 1435 1114 1473 dicunt,
1141 1436 1390 1478 nutauitque
1416 1436 1604 1474 sententia,

189 1506 228 1533 ut
266 1501 459 1543 aliquando
495 1505 651 1532 naturam
690 1500 876 1542 quandam,
918 1501 962 1532 de
996 1511 1065 1543 qua
1098 1500 1246 1533 fluerent
1277 1501 1461 1542 imagines,
1500 1501 1605 1533 deum

192 1575 271 1597 esse
296 1565 441 1603 diceret,
481 1565 543 1608 qui
568 1570 685 1597 tamen
713 1565 863 1605 cogitari
896 1575 966 1596 non
999 1570 1122 1607 posset
1151 1566 1218 1597 nisi
1243 1576 1307 1607 per
1334 1577 1392 1598 eas
1419 1566 1603 1607 imagines,

191 1640 278 1673 quas
309 1629 426 1662 fundit
459 1640 499 1662 ac
533 1630 672 1668 emittit,
712 1628 749 1661 id
785 1635 837 1662 est
869 1640 959 1672 quae
992 1629 1037 1661 de
1072 1630 1136 1661 illa
1167 1634 1304 1672 natura,
1345 1640 1449 1673 quam
1481 1631 1603 1662 nescio

190 1704 294 1737 quam
329 1703 536 1737 corpoream
563 1697 599 1724 et
625 1692 873 1734 sempiternam
907 1702 945 1724 ac
980 1692 1084 1723 etiam
1114 1703 1173 1734 per
1213 1692 1280 1724 hoc
1307 1692 1464 1724 diuinam
1493 1697 1604 1736 putat,

189 1759 291 1802 quasi
324 1757 468 1802 uaporis
501 1756 737 1789 similitudine
772 1756 941 1788 continua
974 1756 1073 1787 uelut
1109 1757 1331 1789 emanatione
1364 1758 1538 1789 ferrentur
1570 1763 1605 1789 et

189 1823 352 1855 uenirent
379 1828 484 1865 atque
509 1822 679 1854 intrarent
705 1822 740 1853 in
767 1821 903 1853 animos
932 1825 1084 1859 nostros,
1112 1827 1151 1853 ut
1177 1821 1282 1854 deum
1309 1821 1369 1854 uel
1397 1823 1485 1855 deos
1510 1823 1605 1863 cogi-

189 1892 264 1919 tare
294 1896 492 1931 possemus.
536 1886 670 1918 nullam
705 1885 798 1918 enirn
833 1886 936 1917 aliam
971 1895 1130 1917 caussam
1157 1885 1350 1918 cuiuslibet
1376 1887 1604 1928 cogitationis

190 1956 332 1984 nostrae
365 1952 554 1994 opinantur
585 1951 657 1989 isti,
690 1951 759 1983 nisi
787 1961 863 1982 cum
892 1950 936 1982 ab
970 1950 1026 1982 his
1053 1950 1263 1993 corporibus
1291 1961 1381 1993 quae
1409 1953 1603 1993 cogitamus

188 2015 336 2048 ueniunt
362 2023 471 2059 arque
495 2017 626 2048 intrant
649 2015 834 2057 imagines*
847 2015 883 2048 in
911 2016 1047 2047 animos
1075 2020 1218 2047 nostros
1243 2042 1392 2050 ......

237 2090 450 2124 quamquam
478 2080 706 2113 Democritus
733 2081 837 2112 etiam
863 2079 932 2112 hoc
959 2079 1090 2111 distare
1116 2080 1153 2111 in
1178 2080 1400 2113 naturalibus
1427 2081 1604 2123 quaestio-

190 2145 295 2178 nibus
323 2146 369 2177 ab
394 2145 550 2189 Epicuro
579 2145 718 2183 dicitur,
758 2144 855 2188 quod
887 2144 954 2176 iste
987 2144 1094 2176 sentit
1128 2144 1246 2177 inesse
1279 2145 1504 2177 concursioni
1532 2151 1605 2178 ato-

189 2219 328 2242 morum
354 2210 427 2242 uim
453 2211 629 2252 quandam
657 2209 844 2242 animalem
872 2214 906 2240 et
933 2209 1144 2252 spiritalem;
1172 2220 1241 2252 qua
1267 2211 1303 2242 ui
1331 2200 1409 2241 eum
1436 2210 1542 2241 credo
1570 2214 1605 2242 et

191 2274 364 2316 imagines
396 2274 493 2318 ipsas
526 2274 714 2307 diuinitate
739 2274 919 2316 praeditas
951 2273 1081 2312 dicere,
1122 2284 1193 2305 non
1221 2284 1343 2306 omnes
1372 2275 1526 2306 omnium
1553 2284 1604 2306 re-

191 2349 278 2377 rum,
307 2339 370 2371 sed
397 2339 560 2376 deorum;
598 2343 632 2370 et
656 2338 831 2382 principia
857 2339 984 2369 mentis
1013 2348 1090 2369 esse
1118 2338 1153 2370 in
1180 2338 1369 2376 uniuersis,
1396 2339 1525 2381 quibus
1553 2339 1605 2370 di-

192 2404 377 2436 uinitatem
405 2404 541 2442 tribuit,
578 2409 612 2435 et
643 2404 837 2435 animantes
869 2402 1054 2444 imagines,
1091 2413 1181 2445 quae
1208 2403 1267 2434 uel
1293 2403 1466 2446 prodesse
1499 2403 1604 2435 nobis

193 2468 333 2501 soleant
358 2468 418 2500 uel
444 2478 590 2501 nocere:
629 2467 805 2510 Epicurus
838 2477 924 2498 uero
957 2477 1072 2508 neque
1105 2466 1241 2509 aliquid
1274 2467 1310 2498 in
1341 2467 1525 2510 principiis
1554 2477 1606 2498 re-

315 2594 331 2627 l
362 2594 407 2627 cs.
432 2594 490 2632 42,
520 2594 587 2628 117
617 2593 717 2625 ‘nam
745 2593 1010 2636 superstitione,
1039 2593 1136 2635 quod
1160 2592 1306 2633 gloriari
1334 2592 1473 2631 soletis,
1501 2591 1606 2624 facile

192 2657 247 2685 est
274 2652 430 2691 liberari,
470 2662 548 2684 cum
582 2652 773 2685 sustuleris
807 2662 945 2684 omnem
972 2652 1043 2682 uim
1071 2651 1235 2683 deorum'
1294 2651 1299 2693 1
1359 2653 1378 2683 2
1401 2657 1605 2683 metuemus

195 2710 296 2744 libri:
324 2722 413 2744 corr.
431 2711 478 2743 B2
525 2712 531 2754 Ι
581 2711 623 2744 17
641 2712 782 2754 flueret
808 2710 923 2743 editur
969 2712 975 2753 1
1025 2709 1066 2742 18
1092 2708 1163 2753 isti]
1191 2710 1315 2741 Cicero
1343 2709 1387 2741 de
1415 2715 1485 2743 nat.
1506 2710 1604 2743 deor.

193 2777 207 2802 1
234 2770 292 2809 43,
314 2770 381 2803 120
407 2770 501 2803 conl.
530 2770 585 2808 12,
605 2770 650 2803 29
697 2771 702 2812 Ι
748 2769 793 2803 32
821 2772 858 2801 in
885 2780 951 2802 om.
982 2769 1037 2802 ed.
1058 2769 1147 2800 Ven.
