1842 3250
122 924 153 948 10

122 1243 152 1269 15

119 1569 153 1594 20

180 222 218 254 sr.
246 221 315 254 372
662 218 868 250 EPICVRI
896 218 1111 249 PHYSICA
1523 216 1589 249 251

179 345 284 377 quam
309 339 427 366 cetera
450 333 616 365 animalia
641 337 844 369 nascuntur,
885 342 976 374 quae
1005 336 1042 362 ut
1070 337 1151 363 sunt
1176 332 1271 364 edita
1298 341 1339 363 ex
1366 337 1477 366 utero,
1518 342 1594 373 pro-

180 400 275 432 tinus
301 399 338 431 in
362 398 473 441 pedes
501 408 584 429 suos
612 397 701 438 erigi
728 401 762 428 et
787 396 919 437 gestire
946 396 1167 428 discursibus
1193 396 1381 438 statimque
1407 395 1479 427 aeri
1506 395 1595 427 tolc-

179 464 290 496 rando
322 463 454 495 idonea
486 472 578 500 esse,
615 460 713 504 quod
746 460 782 492 in
809 460 925 492 lucem
957 459 1177 492 naturalibus
1210 459 1428 491 indumentis
1463 460 1595 491 munita

178 527 435 572 processerint:
470 526 652 558 hominem
677 529 799 557 contra
825 524 959 557 nudum
985 529 1020 556 et
1045 524 1212 556 inermem
1240 529 1417 566 tamquam
1445 534 1485 555 ex
1512 534 1596 554 nau-

179 592 292 633 fragio
319 592 356 623 in
385 591 492 623 huius
524 590 619 622 uitae
650 590 809 622 miserias
836 589 948 632 proici
976 594 1010 620 et
1037 588 1180 630 expelli,
1223 589 1284 630 qui
1309 598 1424 629 neque
1451 598 1594 619 mouere

178 667 216 689 se
243 656 338 694 loco,
376 656 439 688 ubi
468 655 602 688 effusus
629 659 694 692 est,
731 654 848 697 possit
876 664 940 686 nec
968 653 1173 685 alimentum
1199 652 1301 684 lactis
1330 657 1497 695 appetere
1530 662 1595 683 nec

178 721 341 753 iniuriam
373 721 544 763 temporis
574 720 678 752 ferre.
722 719 840 761 itaque
872 723 1030 750 naturam
1065 727 1137 749 non
1168 722 1312 749 matrem
1347 727 1424 748 esse
1451 716 1596 748 humani

177 785 330 827 generis,
364 785 428 817 sed
454 794 657 822 nouercam,
687 793 778 825 quac
806 793 886 815 cum
914 783 1020 814 mutis
1047 786 1116 814 tam
1143 781 1342 813 liberaliter
1369 791 1406 813 se
1434 780 1594 821 gesserit,

177 851 357 883 hominem
391 860 476 882 uero
509 849 561 882 sic
593 848 768 887 effuderit,
808 852 846 879 ut
873 847 979 890 inops
1014 851 1048 879 et
1080 846 1238 878 infirmus
1272 851 1307 877 et
1337 847 1432 877 omni
1462 845 1595 877 auxilio

177 915 344 955 indigens
370 912 460 945 nihil
487 913 586 945 aliud
612 912 726 956 possit
752 922 859 955 quam
885 910 1088 952 fragilitatis
1122 920 1206 942 suae
1238 910 1487 942 condicionem
1519 910 1596 953 plo-

178 983 254 1012 ratu
279 989 319 1011 ac
345 977 488 1010 fletibus
515 977 676 1015 ominari,
704 976 843 1008 scilicet

446 1042 502 1074 cui
529 1046 663 1073 tantum
688 1041 724 1073 in
750 1040 825 1072 uita
849 1044 959 1072 restet
986 1039 1135 1071 transire
1161 1038 1345 1071 malorum.

179 1133 187 1142 .
207 1132 216 1140 .
235 1134 270 1142 ..
303 1104 353 1149 (3,
380 1105 418 1150 6)
445 1111 479 1138 at
504 1105 673 1143 hominis,
707 1104 884 1146 inquiunt,
917 1103 1083 1136 educatio
1110 1103 1272 1136 maximis
1300 1103 1488 1135 laboribus
1515 1114 1598 1135 con·

178 1176 245 1205 stat
249 1195 378 1206 .....
403 1170 451 1214 (4,
474 1169 507 1213 l)
534 1170 644 1202 iidem
662 1174 856 1212 queruntur
873 1168 1053 1200 hominem
1074 1168 1209 1200 morbis
1230 1173 1263 1200 et
1281 1168 1474 1200 inmaturae
1493 1167 1596 1200 morti

178 1247 257 1268 esse
285 1236 495 1268 subiectum.
534 1234 765 1275 indignantur
798 1233 967 1266 uidelicet
992 1243 1064 1265 non
1091 1233 1180 1265 deos
1208 1243 1246 1264 se
1273 1243 1354 1265 esse
1383 1238 1498 1265 natos.
1535 1233 1598 1265 mi·

177 1301 283 1339 nime,
315 1300 493 1343 inquiunt,
531 1300 595 1331 sed
623 1309 665 1331 ex
691 1298 760 1331 hoc
788 1297 1011 1330 ostendimus
1038 1297 1218 1330 hominem
1243 1297 1343 1329 nulla
1368 1297 1596 1340 prouidentia

178 1376 256 1398 esse
283 1366 426 1404 sactum,
458 1364 557 1407 quod
583 1364 686 1396 aliter
712 1363 790 1395 fieri
818 1363 954 1395 debuit.
982 1388 989 1395 .
1010 1387 1018 1396 .
1039 1387 1046 1395 .
1073 1360 1124 1405 (4,
1152 1362 1188 1405 3)
1215 1372 1342 1405 nempe
1370 1361 1507 1394 nullum
1532 1361 1595 1394 ho·

176 1431 305 1463 minem
322 1429 410 1462 mori
428 1429 567 1468 uolunt,
595 1428 664 1460 nisi
685 1439 764 1460 cum
789 1427 1045 1460 centensimum
1065 1427 1190 1459 aetatis
1215 1427 1435 1469 conpleuerit
1453 1437 1593 1460 annum,

178 1521 185 1527 .
205 1519 213 1528 .
233 1520 242 1528 .
267 1494 315 1537 (4,
343 1493 404 1537 12)
438 1494 503 1526 sed
533 1494 593 1526 isti
628 1494 798 1526 rationem
831 1493 1056 1538 sequentium
1089 1503 1161 1525 non
1193 1492 1328 1531 uident,
1368 1492 1450 1534 quia
1483 1492 1594 1525 semel

179 1563 382 1591 errauerunt
414 1558 451 1592 in
477 1559 556 1601 ipsa
582 1568 728 1591 summa.
776 1557 920 1590 exclusa
954 1557 1047 1590 enim
1073 1558 1118 1589 de
1147 1557 1254 1589 rebus
1280 1556 1441 1589 humanis
1472 1556 1595 1589 diuina

178 1623 405 1667 prouidentia
437 1623 639 1655 necessario
672 1622 898 1666 sequebatur,
939 1628 976 1654 ut
1009 1622 1129 1654 omnia
1161 1632 1225 1653 sua
1257 1626 1382 1665 sponte
1410 1621 1479 1653 sint
1505 1626 1596 1656 nata.

178 1688 262 1720 hinc
293 1688 507 1721 inuenerunt
540 1687 623 1719 illas
657 1687 872 1720 minutorum
907 1687 1080 1719 seminum
1116 1686 1243 1730 plagas
1278 1691 1312 1717 et
1345 1686 1596 1718 concursiones

179 1753 355 1791 fortuitas,
387 1752 470 1795 quia
495 1762 612 1784 rerum
637 1752 813 1793 originem
838 1762 912 1785 non
936 1751 1120 1785 uidebant.
1171 1751 1208 1783 in
1234 1761 1321 1793 quas
1351 1760 1389 1782 se
1415 1751 1596 1791 angustias

179 1827 258 1849 cum
295 1817 546 1856 coniecissent,
587 1816 657 1849 iam
695 1816 848 1858 cogebat
880 1827 943 1848 eos
979 1816 1176 1848 necessitas
1210 1815 1422 1853 existimare,
1462 1815 1596 1847 animas

179 1892 273 1916 cum.
284 1881 495 1924 corporibus
522 1881 621 1914 nasci
647 1886 681 1913 et
706 1881 790 1914 item
817 1892 896 1914 cum
923 1881 1133 1924 corporibus
1159 1880 1348 1921 exstingui.
1392 1880 1597 1923 adsumpse-

179 1951 255 1978 rant
283 1946 387 1985 enim,
414 1946 506 1978 nihil
532 1945 608 1978 fieri
634 1951 751 1978 mente
777 1945 910 1978 diuina.
950 1945 1049 1988 quod
1072 1946 1189 1988 ipsum
1215 1955 1288 1976 non
1315 1944 1419 1976 aliter
1443 1945 1596 1988 probare

177 2015 344 2054 poterant
369 2021 473 2054 quam
500 2010 531 2042 si
555 2010 787 2042 ostenderent
814 2007 893 2042 Esse
922 2009 1053 2052 aliqua,
1094 2010 1129 2041 in
1156 2009 1285 2052 quibus
1312 2009 1492 2041 uideretur
1518 2019 1597 2052 pro-

178 2075 358 2107 uidentiae
387 2074 477 2107 ratio
505 2074 716 2107 claudicare.
768 2074 1072 2117 reprehenderunt
1105 2084 1190 2114 ergo
1225 2083 1277 2111 ea,
1315 2073 1351 2105 in
1379 2073 1509 2115 quibus
1537 2072 1595 2105 uel

177 2139 326 2171 maxime
357 2138 526 2172 diuinitas
561 2149 659 2171 suam
694 2139 956 2182 prouidentiam
993 2138 1202 2170 mirabiliter
1238 2137 1424 2181 expressit,
1463 2141 1499 2168 ut
1533 2137 1598 2169 illa

301 2282 322 2316 4
349 2293 392 2315 ex
417 2280 620 2326 naufragio]
647 2281 842 2314 secundum
866 2282 969 2315 Lucr.
986 2289 1010 2314 v
1030 2279 1101 2315 222
1148 2281 1153 2322 Ι
1198 2280 1220 2314 9
1248 2278 1427 2324 effuderit]
1454 2280 1597 2322 estpro-

168 2343 283 2387 fudit
307 2343 410 2375 Lucr.
438 2350 461 2373 v
485 2340 556 2374 225
600 2342 606 2383 1
656 2341 698 2373 12
725 2342 829 2374 Lucr.
848 2349 872 2373 v
890 2340 962 2373 227
1006 2340 1013 2384 Ι
1063 2341 1105 2373 13
1133 2340 1176 2372 cf.
1204 2339 1362 2372 Axiochi
1389 2350 1423 2382 p.
1440 2339 1526 2372 3660
1543 2349 1594 2382 sq.

177 2402 357 2434 Lucianus
385 2400 429 2432 de
458 2400 614 2443 parasito
646 2400 687 2433 13
743 2399 750 2441 l
810 2400 849 2433 17
867 2410 919 2442 sq.
948 2400 992 2432 cs.
1017 2400 1121 2432 Lucr.
1150 2407 1174 2430 v
1201 2399 1268 2431 221
1298 2399 1396 2430 Lact.
1423 2397 1448 2431 1.
1467 2408 1494 2430 s.
1521 2398 1555 2435 4,
1575 2398 1596 2431 6

179 2460 234 2493 ‘ut
256 2460 366 2501 igitur
392 2460 500 2491 homo
528 2458 796 2492 indissolubilis
828 2459 875 2490 sit
908 2463 987 2491 ante
1014 2458 1051 2490 id
1077 2463 1226 2500 tempus,
1266 2457 1365 2500 quod
1392 2456 1447 2489 illi
1472 2461 1597 2499 putant

179 2520 382 2563 oportuisse
400 2518 570 2551 constitui
580 2518 598 2551 ’.
626 2519 658 2561 4,
671 2517 694 2551 8
709 2517 928 2550 ‘stultissimi
947 2527 1032 2559 ergo
1054 2522 1136 2549 sunt
1154 2517 1216 2560 qui
1233 2516 1278 2548 de
1296 2520 1408 2548 morte
1426 2516 1599 2548 inmatura

179 2576 402 2620 queruntur-²,
428 2577 451 2610 9
475 2577 557 2609 ‘sed
581 2582 745 2620 putemus
771 2576 848 2609 fieri
872 2587 993 2619 posse,
1019 2586 1125 2619 quem
1152 2576 1197 2607 ad
1222 2575 1367 2608 modum
1394 2574 1533 2614 uolunt,
1559 2580 1599 2606 ut

179 2636 287 2668 homo
313 2647 385 2668 non
412 2646 455 2669 ea
478 2636 692 2668 condicione
717 2640 893 2674 nascatur,
917 2645 987 2679 qua
1010 2636 1137 2668 morbo
1160 2635 1315 2667 mortiue
1340 2634 1521 2666 subiectus
1541 2634 1597 2671 sit,

181 2695 249 2727 nisi
266 2700 409 2737 peracto
435 2695 560 2728 aetatis
587 2705 671 2726 suae
700 2693 815 2737 spatio
844 2695 888 2726 ad
911 2693 1071 2726 ultimam
1096 2693 1312 2736 processerit
1338 2689 1594 2734 senectutem'}

187 2752 227 2786 19
242 2764 318 2796 sqq.
346 2754 389 2787 cf.
418 2754 490 2787 diu.
517 2754 628 2785 instit.
655 2761 699 2788 111
728 2753 783 2792 17,
801 2753 825 2787 8
844 2764 920 2798 sqq.
948 2751 1004 2796 (fr.
1023 2753 1109 2796 370)
