1842 3250
122 931 153 955 10

122 1252 152 1278 15

117 1577 151 1602 20

116 1900 151 1927 ²5

118 2548 151 2574 35

179 228 222 260 fr.
246 225 318 260 288
663 225 867 256 EPIs'VRI
898 224 1112 256 PHYSICA
1527 223 1597 257 205

179 340 281 375 ὅλων
308 339 444 383 ἀρχάς·
487 338 634 383 θεμένῳ
661 339 701 372 δέ
731 338 776 372 τὸ
803 338 925 379 δόγμα
952 339 1011 372 καί
1038 337 1363 381 καλλωπισαμένῳ
1389 339 1469 378 ταῖς
1495 338 1597 381 πρώ-

178 414 261 445 ταις
291 403 542 446 πιθανότησιν
577 403 696 437 αὐτοῦ
729 403 1017 446 προσεκποτέον
1054 403 1132 437 ἐστὶ
1169 402 1214 435 τὸ
1248 402 1436 444 δυσχερές,
1475 402 1498 443 ἢ
1526 402 1597 437 δει·

179 468 291 503 κτέον
316 467 421 508 ὅπως
448 467 563 502 ἄποια
590 467 748 505 σώματα
775 466 1023 506 παντοδαπὰς
1047 465 1254 508 ποιότητας
1281 465 1386 508 αὐτῷ
1413 466 1518 510 μόνῳ
1542 470 1597 510 τῷ

179 533 372 566 συνελθεῖν
400 531 600 574 παρέσχεν.
629 529 711 564 οἷον
739 530 850 571 εὐθὺς
874 530 918 564 τὸ
945 531 1180 572 καλούμενον
1207 530 1348 573 θερμὸν
1371 531 1456 572 ὑμῖν
1478 531 1597 566 πόθεν

179 596 334 639 ἀφῖκται
367 596 426 630 καὶ
460 597 541 636 πῶς
567 595 764 637 ἐπιγέγονε
796 598 878 637 ταῖς
907 594 1073 637 ἀτόμοις,
1113 593 1150 628 αἳ
1177 594 1271 637 μήτε
1298 595 1414 636 ἦλθον
1442 596 1598 637 ἔχουσαι

179 662 393 705 θερμότητα
420 659 514 703 μήτε
542 660 722 702 ἐγένοντο
750 660 882 703 θερμαὶ
916 661 1185 700 συνελθοῦσαι;
1227 659 1272 692 τὸ
1298 659 1366 700 μὲν
1392 659 1465 703 γὰρ
1492 659 1597 702 ἔχον-

177 736 243 768 τος
268 726 468 768 ποιότητα,
497 725 542 759 τὸ
567 725 609 759 δε
635 724 793 766 πάσχειν
820 724 1061 766 πεφυκότος·
1103 723 1308 766 οὐδέτερον
1336 723 1376 758 δὲ
1403 726 1484 765 ταῖς
1510 723 1597 758 ἀτό-

177 800 259 832 μοις
285 790 468 834 ὑπάρχειν
494 790 594 832 φατὲ
620 790 817 833 προσῆκον
846 790 940 823 εἶναι
967 789 1028 822 διὰ
1054 789 1125 830 τὴν
1153 788 1380 831 ἀφθαρσίαν.

177 854 358 889 GALENVS
385 856 430 887 de
457 856 713 889 constitutione
740 855 822 887 artis
850 855 1011 887 medicae
1039 865 1066 887 c.
1087 855 1106 886 7
1136 859 1158 886 t.
1180 862 1192 886 1
1218 865 1252 897 p.
1272 853 1344 887 246
1365 853 1416 886 K.
1460 853 1597 887 ἀδύνα-

175 929 244 953 τον
269 919 311 954 ἓν
337 921 431 954 εἶναι
457 922 512 963 τῷ
540 919 629 954 ε’ίδει
656 919 702 953 τὸ
729 922 929 961 στοιχεῖον,
970 918 1052 953 οἷον
1079 917 1296 961 Ἐπίκουρος
1331 918 1493 952 ὑπέθετο
1525 917 1597 960 τὴν

177 984 331 1026 ἄτομον.
377 984 436 1018 ὅτι
461 984 534 1028 γὰρ
560 985 631 1027 οὐχ
657 984 697 1019 ἓν
723 987 779 1028 τῷ
807 984 894 1018 εἴδει
921 983 965 1017 τὸ
992 984 1180 1025 στοιχεῖόν
1205 983 1285 1017 ἐστι
1311 985 1500 1024 τοιοῦτον,
1540 982 1598 1016 ἐν·

176 1049 285 1084 θένδε
315 1050 451 1093 δῆλον·
492 1048 649 1090 οὐδεμία
674 1051 753 1083 τῶν
781 1048 935 1090 ἀτόμων
961 1048 1058 1090 αὺτή
1086 1048 1167 1082 καθ’
1196 1048 1336 1089 ἑαυτὴν
1362 1047 1451 1081 οὔτε
1479 1047 1597 1090 θερμὴ

176 1114 246 1157 τὴν
272 1114 390 1157 φύσιν
416 1114 519 1148 ἐστίν
545 1114 634 1148 οὔτε
662 1113 799 1156 ψυχρά,
828 1114 874 1147 οὐ
902 1113 974 1155 μὴν
1002 1112 1091 1147 οὐδὲ
1118 1111 1233 1154 λευκή
1260 1110 1316 1153 τίς
1340 1112 1442 1147 ἐστιν
1471 1112 1507 1146 ἐξ
1533 1112 1599 1146 αὐ·

176 1180 255 1212 τῶν
282 1177 305 1220 ἢ
333 1177 501 1219 μέλαινα.
529 1178 589 1212 καὶ
615 1177 651 1212 τί
678 1176 858 1220 διατρίβω
886 1204 893 1210 .
914 1203 920 1210 .
942 1204 948 1211 .
971 1187 1002 1217 .;
1036 1177 1134 1219 ὅλως
1159 1176 1232 1219 γὰρ
1257 1175 1415 1218 οὐδεμία
1440 1176 1600 1218 ποιότης

178 1243 279 1277 εστὶν
307 1243 405 1286 αὐτῇ
432 1241 650 1286 τῇιάτόμῳ,
679 1242 730 1283 ὡς
758 1240 795 1276 οἱ
821 1241 981 1285 πατέρες
1008 1243 1137 1275 αὐτῶν
1166 1241 1377 1283 βούλονται.
1422 1241 1466 1275 cf.
1487 1241 1535 1275 id.
1554 1241 1600 1273 de

179 1307 366 1339 elementis
393 1317 465 1340 sec.
491 1307 668 1351 Hippocr.
694 1313 708 1339 1
729 1307 749 1338 2
775 1312 799 1339 t.
819 1313 832 1338 1
856 1318 889 1349 p.
911 1306 981 1339 416
1009 1305 1089 1350 ἰδέᾳ
1117 1306 1157 1340 δὲ
1185 1307 1245 1340 καί
1272 1305 1428 1348 δυνάμει
1455 1304 1597 1339 δύναιτ’

178 1371 224 1405 ἄν
247 1381 303 1412 τις
329 1371 370 1405 ἓν
397 1372 491 1406 εἶναι
518 1372 640 1413 λέγειν
668 1372 715 1405 τὰ
742 1370 878 1414 πάντα,
909 1371 1005 1405 καθά
1032 1381 1102 1414 περ
1129 1370 1163 1405 οί
1190 1371 1274 1414 περὶ
1294 1370 1361 1404 τὸν
1380 1369 1600 1414 Ἐπίκουρόν

176 1446 218 1469 τε
245 1437 305 1469 καὶ
333 1436 577 1480 Δημόκριτον
602 1436 670 1478 τὰς
697 1436 873 1478 ἀτόμους.

176 1501 270 1533 idem
289 1501 333 1534 de
354 1501 541 1535 elementis
570 1512 640 1534 sec.
661 1502 835 1544 Hippocr.
863 1509 875 1534 1
896 1501 916 1533 2
945 1506 967 1533 t.
988 1508 1001 1533 1
1028 1511 1061 1543 p.
1081 1500 1152 1533 418
1171 1501 1221 1533 K.
1249 1498 1287 1533 αἱ
1314 1500 1382 1540 μὲν
1407 1499 1477 1533 οὖν
1507 1499 1594 1533 ἄτο-

175 1577 238 1608 μοι
265 1566 459 1607 σύμπασαι
487 1566 645 1609 σώματα
673 1565 785 1600 οὖσαι
817 1565 952 1608 σμικρὰ
979 1566 1092 1608 χωρὶς
1118 1564 1336 1606 ποιοτήτων
1364 1562 1446 1606 εἰσί,
1482 1563 1528 1597 τὸ
1555 1564 1596 1597 δὲ

175 1630 286 1665 κενὸν
304 1631 409 1674 χώρα
434 1640 490 1671 τις
511 1630 551 1664 ἐν
570 1631 593 1675 ᾗ
613 1629 807 1673 φερόμενα
833 1630 942 1663 ταυτὶ
967 1630 1014 1663 τὰ
1041 1629 1200 1671 σώματα
1229 1628 1308 1662 ἄνω
1334 1638 1377 1663 τε
1404 1628 1464 1661 καὶ
1491 1627 1595 1662 κάτω

174 1695 376 1737 σύμπαντα
401 1695 462 1729 διὰ
488 1695 634 1736 παντὸς
658 1697 728 1729 τοῦ
757 1694 896 1736 αἰῶνος
922 1695 944 1736 ἢ
973 1692 1237 1737 περιπλέκεταί
1262 1703 1344 1734 πως
1371 1691 1545 1734 ἀλλήλοις
1572 1692 1595 1735 ἢ

173 1760 403 1804 προσκρούει
429 1761 490 1794 καὶ
517 1759 788 1801 ἀποπάλλεται,
816 1759 876 1792 καὶ
903 1757 1081 1802 διακρίνει
1111 1758 1150 1791 δὲ
1179 1758 1239 1792 καὶ
1266 1756 1457 1800 συγκρίνει
1483 1755 1596 1791 πάλιν

174 1824 227 1866 εἰς
262 1825 404 1868 ἄλληλα
436 1824 532 1858 κατὰ
565 1824 633 1865 τὰς
664 1824 845 1864 τοιαύτας
881 1822 1025 1865 ὁμιλίας
1062 1822 1132 1856 κάκ
1167 1822 1310 1856 τούτου
1344 1821 1392 1855 τά
1428 1831 1470 1855 τε
1503 1821 1597 1855 ἄλλα

174 1889 410 1932 συγκρίματα
427 1889 552 1923 πάντα
579 1891 679 1923 ποιεῖ
705 1888 832 1922 καὶτὰ
850 1887 1016 1930 ἡμέτερα
1043 1887 1202 1928 σώματα
1230 1887 1290 1920 καὶ
1316 1885 1364 1919 τὰ
1390 1884 1597 1928 παθήματα

175 1954 303 1988 αὐτῶν
332 1954 392 1988 καί
419 1954 487 1995 τὰς
513 1953 716 1996 αἰσθήσεις.
754 1953 883 1994 ἀπαθῆ
911 1952 942 1985 δ’
971 1950 1215 1986 ὑποτίθενται
1241 1950 1289 1984 τὰ
1316 1950 1474 1992 σώματα
1502 1950 1597 1984 εἶναι

174 2018 222 2053 τὰ
247 2020 381 2063 πρῶτα
409 2018 524 2062 (τινὲς
551 2019 618 2060 μὲν
645 2018 774 2052 αὐτῶν
794 2017 868 2054 ὑπὸ
888 2016 1148 2060 σκληρότητος
1175 2016 1383 2059 ἅθραυστα,
1411 2014 1507 2049 καθά
1525 2024 1596 2057 περ

175 2083 212 2118 οἱ
237 2084 321 2127 περὶ
347 2082 415 2118 τὸν
434 2081 673 2126 Ἐπίκουρον·
702 2083 795 2117 ἔνιοι
823 2082 862 2116 δὲ
889 2082 964 2116 ὑπὸ
990 2081 1242 2124 σμικρότητος
1268 2079 1472 2123 ἀδιαίρετα,
1500 2077 1596 2113 καθά

175 2158 246 2191 περ
272 2147 308 2182 οἱ
335 2149 420 2192 περὶ
444 2148 512 2182 τὸν
539 2148 784 2191 Λεύκιππον),
813 2145 891 2181 ἀλλ’
921 2147 1001 2181 οὐδ’
1029 2146 1273 2181 ἀλλοιοῦσθαι
1300 2144 1396 2179 κατά
1422 2155 1458 2178 τι
1486 2143 1596 2178 δυνά-

175 2223 269 2255 μενα
294 2213 436 2254 ταύτας
462 2214 509 2256 δὴ
535 2213 603 2254 τὰς
629 2213 859 2255 ἀλλοιώσεις,
900 2212 943 2254 ἃς
972 2212 1138 2252 ἅπαντες
1172 2211 1369 2254 ἄνθρωποι
1395 2208 1597 2243 πεπιστεὺ·

175 2285 284 2312 κασιν
312 2279 407 2313 εἶναι
435 2278 675 2321 διδαχθέντες
702 2278 776 2312 ὑπὸ
804 2279 883 2311 τῶν
914 2276 1141 2319 αἰσθήσεων,
1179 2274 1262 2309 οἷον
1289 2275 1378 2308 οὔτε
1405 2273 1597 2318 θερμαίνε-

175 2341 262 2378 σθαί
285 2341 322 2376 τί
351 2351 469 2386 φασιν
496 2342 653 2378 ἐκείνων
680 2343 769 2376 οὔτε
795 2342 995 2384 ψύχεσθαι,
1023 2341 1118 2375 κατὰ
1149 2341 1188 2374 δὲ
1215 2339 1283 2374 τὸν
1311 2338 1428 2373 αὐτὸν
1451 2338 1597 2382 τρόπον

175 2406 257 2440 οὔθ’
284 2406 527 2451 ὑγραίνεσθαι
562 2407 651 2441 οὔτε
685 2405 936 2450 ξηραίνεσθαι,
976 2402 1072 2440 πὀλὺ
1102 2405 1142 2439 δὲ
1170 2404 1215 2446 δὴ
1244 2405 1386 2445 μᾶλλον
1418 2403 1473 2437 ἔτι
1503 2401 1597 2445 μήτε

177 2470 415 2512 μελαίνεσθαι
442 2471 536 2514 μήτε
563 2470 825 2506 λευκαίνεσθαι
858 2470 943 2514 μήτ’
971 2471 1087 2513 ἄλλην
1116 2469 1201 2504 τινὰ
1228 2469 1326 2509 ὅλως
1358 2467 1597 2509 ἐπιδέχεσθαι

175 2535 363 2579 ποιότητα
391 2536 487 2570 κατὰ
513 2536 698 2579 μηδεμίαν
725 2535 947 2578 μεταβολήν.

174 2598 397 2633 SIMPLIGIVS
411 2601 448 2632 in
458 2600 572 2633 Arist.
588 2606 699 2642 categ.
716 2601 737 2633 8
755 2599 805 2643 (p.
817 2599 856 2634 8b
871 2599 933 2644 25)
949 2605 1043 2642 quat.
1061 2599 1086 2633 Κ
1102 2600 1124 2632 f.
1139 2599 1179 2632 8¹¹
1194 2598 1250 2632 ed.
1260 2599 1352 2631 Ven.
1370 2598 1392 2630 s.
1404 2597 1467 2631 ὅθ’·
1483 2596 1526 2629 10
1541 2595 1597 2628 ed.

298 2698 318 2731 5
345 2696 398 2742 αἳ]
426 2697 472 2731 ἂν
498 2697 583 2730 libri
642 2696 648 2739 Ι
707 2698 729 2731 9
763 2709 867 2740 quam
903 2698 1055 2730 distorta
1086 2702 1119 2729 et
1144 2696 1237 2729 mala
1267 2696 1337 2728 fide
1364 2695 1478 2727 relata
1507 2693 1597 2725 haec

176 2756 257 2795 siut,
282 2757 431 2799 Epicuri
457 2757 493 2789 in
513 2768 568 2800 ep.
588 2765 601 2788 r
620 2757 665 2790 42
685 2758 729 2791 al.
750 2758 860 2789 uerba
879 2757 1010 2788 docent
1056 2754 1062 2799 1
1109 2756 1156 2788 30
1183 2755 1262 2789 sort.
1289 2752 1593 2795 πεπιστεύκαμεν
