1846 3288
271 257 348 289 XII
820 252 1106 285 PRAEFATIO

270 385 354 409 non
373 379 458 412 XIV
491 372 555 410 cui
585 371 843 419 adsignatur:
876 368 978 405 illius
1008 367 1224 405 lectionem
1254 373 1471 417 postquam
1492 367 1675 405 Thomas

273 439 425 476 Galcus
466 451 592 487 opera
634 436 857 474 desultoria
901 435 1101 484 excerpsit
1132 434 1172 471 in
1205 435 1315 472 calce
1360 435 1534 486 exempli
1564 434 1672 473 Wet-

271 506 444 543 steniani
475 512 501 543 t.
522 513 557 545 ΙΙ
583 518 621 554 p.
643 504 720 542 557
740 515 825 552 sqq,
857 503 1023 547 editam,
1062 508 1252 539 accurata
1291 514 1421 551 nuper
1452 501 1675 552 specimina

270 572 372 622 ingr.
404 573 637 623 Bywaterus
670 570 786 608 dedit
815 570 855 606 in
887 569 981 606 uitis
1003 568 1196 606 Heracliti
1228 574 1271 606 et
1300 569 1538 608 Aristotelis.
1568 569 1673 607 Mar-

272 639 431 678 cianum
463 652 511 676 ex
543 635 769 688 propagine
802 636 957 673 codicis
981 635 1011 672 P
1041 648 1134 673 esse
1165 641 1249 672 tum
1283 647 1333 672 eo
1365 642 1527 673 consta*
1560 637 1674 685 quod

271 707 449 745 tabulam
471 707 643 743 uitarum
674 705 712 741 in
738 704 767 740 P
790 709 995 741 seruatam
1026 703 1209 740 continet
1240 709 1325 740 tum
1346 704 1457 752 quod
1488 709 1670 740 extremo

269 774 473 811 uolumine
505 786 542 823 p.
567 775 632 822 81,
656 775 678 811 6
712 784 771 821 sq.
804 784 886 809 non
926 771 1056 808 solum
1093 783 1184 808 cum
1215 770 1246 808 1²
1266 770 1357 818 QH
1387 768 1449 821 ὡς
1482 768 1592 820 πρὸς
1621 769 1674 811 σὲ

270 839 373 880 δέον
407 842 446 878 in
468 847 582 878 textu
611 840 686 877 sed
708 840 830 876 etiam
860 838 899 875 iu
929 839 1109 887 margine
1132 838 1433 888 discrepantem
1454 839 1672 876 lectionem

270 919 322 957 γρ
353 905 413 957 ὡς
447 905 573 947 ἔλεον
602 907 766 944 exhibet
796 904 912 955 (item
941 917 994 954 γρ
1022 904 1118 956 P2);
1165 905 1499 955 Nuernbergerus
1536 912 1673 944 autem

270 977 384 1025 quod
419 975 611 1023 gloriatur
649 986 692 1011 se
729 974 847 1010 huius
883 985 1047 1024 quoque
1086 973 1238 1011 codicis
1271 974 1485 1012 lectionem
1519 974 1673 1024 afferre,

271 1042 466 1080 memoria
497 1053 591 1078 eum
621 1041 759 1078 fallere
792 1041 952 1078 uidetur
983 1041 1068 1078 solo
1100 1041 1309 1078 Marciano
1340 1041 1420 1079 393
1452 1052 1582 1079 usum.

393 1110 570 1147 Alterius
614 1108 767 1146 ordinis
811 1107 976 1157 signifer
1021 1115 1082 1145 est
1124 1109 1259 1146 codex
1302 1107 1673 1146 Laurentianus

222 1185 251 1216 F
271 1176 396 1226 plutei
417 1183 536 1216 LXIX
555 1178 605 1215 13
624 1172 689 1225 (F)
712 1174 1048 1213 membranaceus
1071 1175 1219 1213 sacculi
1248 1182 1329 1223 XII,
1359 1175 1513 1212 formae
1544 1186 1674 1224 prope

270 1245 486 1283 maximae.
534 1243 805 1293 conplectitur
824 1242 987 1280 schedis
1008 1248 1152 1281 CLXIV
1184 1249 1223 1279 et·
1248 1242 1453 1279 Laertium
1483 1248 1525 1279 et
1559 1239 1673 1293 (inde

271 1324 294 1348 a
328 1311 351 1351 s.
376 1309 496 1359 137v)
526 1310 804 1349 Cleomedem.
836 1310 1056 1347 nonnullae
1086 1309 1265 1347 schedae
1296 1309 1521 1348 recentiore
1551 1321 1674 1346 manu

272 1379 424 1416 saeculi
440 1385 507 1419 XV
528 1379 567 1415 in
590 1378 828 1415 membrana
844 1376 1071 1428 suppletae,
1095 1378 1135 1414 in
1152 1376 1377 1416 Cleomede
1395 1376 1420 1415 f.
1441 1377 1673 1426 ren—164,

271 1448 310 1483 in
340 1446 503 1484 Laertio
537 1445 673 1483 solium
705 1446 846 1482 nescio
884 1450 1054 1493 quotum
1090 1445 1296 1494 pertinens
1329 1456 1352 1480 a
1387 1446 1409 1484 l.
1444 1452 1498 1484 III
1524 1445 1576 1482 38
1610 1439 1673 1493 ὡς

271 1511 479 1564 φορτικόν
523 1525 651 1562 usque
688 1513 743 1550 ad
771 1514 824 1550 48
869 1510 912 1552 ἐξ
958 1509 1214 1561 ἐρωτήσεως
1245 1509 1313 1550 καὶ
1355 1508 1672 1564 ἀποκρί[σεως;

271 1583 344 1618 sed
379 1594 484 1630 quae
518 1580 681 1618 schedis
713 1579 738 1618 f.
772 1581 911 1618 8--20
947 1580 1117 1617 nouiciis
1149 1580 1286 1617 insunt
1315 1580 1451 1619 Laert.
1482 1587 1499 1619 Ι
1522 1581 1573 1619 65
1603 1577 1675 1632 ἐμ]

269 1647 420 1688 ποδὼν
458 1644 865 1700 Πεισιστράτῳ....
898 1655 933 1686 11
962 1649 1011 1685 17
1048 1645 1220 1695 γένεσιν
1249 1645 1327 1696 τὴν
1359 1646 1450 1699 τοῦ,
1487 1660 1570 1685 non
1603 1648 1676 1685 mi-

271 1729 346 1754 nus
385 1718 425 1754 in
458 1717 488 1753 F
520 1728 640 1765 quam
678 1716 719 1752 in
759 1715 848 1764 ipso
893 1714 1111 1764 archetypo
1143 1714 1323 1752 defuisse
1354 1721 1468 1752 certo
1500 1711 1676 1753 indicio1

270 1784 405 1832 liquet.
439 1783 634 1831 Cobetus,
667 1783 735 1833 qui
760 1788 888 1820 totum
920 1782 1103 1819 codicem
1135 1782 1313 1820 excussit
1345 1792 1387 1819 ut
1414 1782 1456 1819 in
1477 1793 1559 1833 quo
1590 1794 1673 1821 ma-

270 1852 374 1889 xime
411 1852 620 1895 niteretur,
669 1849 845 1887 schedas
883 1850 1018 1887 inesse
1050 1850 1263 1899 rescriptas
1293 1850 1408 1893 uidit,
1454 1849 1495 1887 in
1532 1850 1677 1899 quibus

270 1919 397 1956 latere
438 1917 640 1955 Plutarchi
676 1917 887 1954 moralium
924 1918 1139 1967 particulas
1183 1918 1345 1955 saeculo
1374 1923 1409 1957 X
1450 1917 1677 1955 litteratura

269 1986 415 2036 grandi
448 1992 489 2022 et
520 1985 710 2034 elegante
744 1985 926 2034 scriptas,
967 1985 1075 2022 uelut
1106 1985 1146 2021 in
1177 1996 1226 2022 ea
1262 1984 1412 2034 pagina
1441 1996 1547 2034 quae
1576 1983 1674 2021 inci-

270 2054 328 2102 pit
352 2053 560 2091 Laert.v1
583 2053 633 2090 47
666 2065 689 2090 a
720 2052 853 2090 uerbis
883 2050 993 2101 πρὸς
1022 2049 1073 2091 τὸ
1104 2049 1438 2100 καταιτιώμενον
1468 2051 1553 2089 sola
1583 2062 1673 2089 ocu-

271 2120 399 2158 lorum
437 2132 516 2169 ope
554 2131 636 2156 non
667 2131 799 2169 pauca
838 2119 1013 2169 dispexit
1049 2119 1251 2157 Plutarchi
1282 2120 1334 2156 de
1371 2119 1603 2157 curiositate
1635 2130 1674 2168 p.

271 2183 540 2226 518f—51.9²².
602 2187 676 2224 sed
708 2188 762 2223 de
792 2186 872 2224 hoc
902 2187 1045 2224 codice
1068 2187 1180 2236 quod
1211 2186 1321 2225 licuit
1355 2187 1585 2224 accuratius
1617 2198 1676 2224 re-

271 2256 388 2306 ferre,
420 2255 462 2292 id
495 2261 623 2292 totum
648 2254 808 2292 Cobeto
839 2256 925 2292 uiro
958 2267 1116 2292 summo
1138 2261 1277 2303 gratus
1300 2255 1446 2300 debeo,
1478 2255 1547 2304 qui
1577 2255 1674 2291 adu·

271 2321 442 2359 lescenti
484 2322 579 2359 olim
618 2323 795 2360 schedas
835 2335 928 2360 suas
974 2323 1215 2360 Laertianas
1257 2324 1432 2360 utendas
1474 2323 1674 2360 beneuole

392 2448 404 2481 l
437 2449 565 2491 quippe
592 2449 680 2481 solio
706 2448 746 2483 21
779 2460 850 2481 non
875 2450 941 2481 iarn
970 2450 1112 2481 nouicio
1146 2450 1194 2481 sic
1227 2449 1449 2481 continuatur
1474 2448 1497 2482 s.
1525 2446 1546 2482 7
1572 2453 1675 2480 uetus

269 2506 399 2541 ποδὼν
424 2507 678 2550 πεισιστράτω
713 2508 905 2542 ἐπιθέσθαι
932 2507 1123 2555 τοραννίδι
1139 2533 1146 2542 .
1163 2534 1170 2541 .
1186 2533 1192 2540 .
1210 2532 1217 2540 .
1233 2508 1424 2542 τελευτῶν
1449 2506 1490 2542 δὲ
1519 2506 1676 2549 ἐμαρτυ-

268 2565 392 2608 ράμην
417 2565 527 2609 ἀέρος
551 2567 693 2609 πλῆξιν.
731 2567 800 2609 τὴν
828 2568 911 2608 (hoc
938 2567 1072 2600 initium
1091 2567 1236 2610 paginae
1257 2578 1368 2610 usque
1395 2567 1439 2598 ad
1468 2565 1675 2609 ἐμαρτυρά-

269 2635 342 2666 μην
360 2626 428 2656 iam
450 2636 747 2667 superuacaneum
768 2627 932 2669 expunxit
951 2626 1111 2658 librarius
1136 2626 1307 2658 recentior
1332 2626 1393 2668 qui
1420 2625 1674 2669 suppleuerat),

268 2683 360 2714 unde
391 2689 533 2725 apparet
564 2695 802 2727 quaecumque
832 2686 912 2717 inde
945 2696 963 2716 a
990 2685 1013 2718 l.
1040 2693 1054 2718 Ι
1081 2684 1125 2718 lis)
1163 2683 1445 2729 ἐμαρτυράμην]
1472 2683 1519 2718 Ὦ
1543 2683 1677 2727 πατρίς

267 2751 379 2784 usque
415 2742 457 2773 ad
492 2750 515 2774 11
548 2741 589 2776 17
623 2743 770 2785 γένεσιν
803 2744 873 2786 τὴν
898 2747 967 2778 τοῦ
996 2742 1122 2787 [ἀέρος
1148 2744 1278 2786 πλῆξιν
1308 2743 1484 2784 leguntur,
1526 2744 1569 2775 ab
1596 2744 1675 2787 ipso

271 2800 455 2842 exemplari
486 2801 627 2834 afuisse.
