1846 3288
315 300 360 333 38
906 298 1140 343 [EPICvm]

313 427 393 466 περ
432 416 544 466 τινὲς
584 414 732 465 φασίν,
780 414 1034 464 ἐπιτηδείων
1069 416 1198 455 τινῶν
1238 413 1499 465 σπερμάτων
1537 413 1730 465 ῥυέντων

315 485 388 538 ἀφ’
424 487 524 538 ἑνὸς
556 486 723 536 κόσμου
745 487 770 537 ἢ
795 486 1086 537 μετακοσμίου
1109 487 1133 537 ἢ
1156 487 1226 528 καὶ
1257 485 1343 528 ἀπὸ
1374 486 1589 528 πλειόνων
1621 487 1730 528 κατὰ

315 560 463 611 μικρὸν
503 559 767 610 προσθέσεις
807 572 853 600 τε
895 559 964 600 καὶ
1004 559 1288 610 διαρθρώσεις
1330 560 1399 600 καὶ
1441 559 1730 610 μεταστάσεις

314 632 558 674 ποιούντων
597 629 660 672 ἐπ’
695 630 830 672 ἄλλον
869 631 1019 682 τόπον,
1065 632 1142 673 ἐὰν
1181 631 1298 673 οὕτω
1335 631 1453 686 τύχῃ,
1501 631 1570 673 καὶ
1601 631 1729 682 ἐπαρ-

313 704 486 754 δεύσεις
519 705 565 746 ἐκ
595 706 682 745 τῶν
721 703 914 755 ἐχόντων
951 704 1203 755 ἐπιτηδείως
1243 704 1328 755 ἕως
1358 704 1632 755 τελειώσεως
1662 703 1731 745 καὶ
1752 719 1768 745 5

314 777 523 827 διαμονὴν
555 774 623 828 ἐφ’
657 776 768 818 ὅσον
799 776 852 817 τὰ
883 775 1184 828 ὑποβληθέντα
1222 777 1396 827 θεμέλια
1431 777 1510 827 τὴν
1540 780 1730 828 προσδο-

314 850 393 901 χὴν
425 849 604 891 δύναται
640 850 867 890 ποιεῖσθαι.
927 849 979 890 οὐ
1010 849 1092 900 γὰρ
1125 848 1366 900 ἀθροισμὸν
1401 851 1465 891 δεῖ
1496 849 1631 900 μόνον
1662 862 1729 898 γε·
1754 857 1800 891 90

313 923 466 964 νέσθαι
503 922 606 964 οὐδὲ
645 924 766 963 δῖνον
797 922 844 964 ἑν
876 922 911 976 ᾧ
943 923 1163 973 ἐνδέχεται
1195 922 1361 973 κόσμον
1392 923 1587 972 γίνεσθαι
1618 926 1730 977 κενῷ

315 996 422 1037 κατὰ
460 995 509 1037 τὸ
551 995 844 1045 δοξαζόμενον
883 995 926 1037 ἐξ
967 994 1159 1046 ἀνάγκης
1200 995 1406 1037 αὔξεσθαί
1446 1009 1505 1046 τε,
1551 995 1637 1046 ἕως
1676 994 1730 1037 ἂν

315 1069 448 1123 ἑτέρῳ
490 1068 787 1122 προσκρούσῃ,
834 1067 944 1109 καθά
976 1081 1056 1119 περ
1087 1069 1176 1110 τῶν
1212 1070 1411 1119 φυσικῶν
1449 1069 1730 1119 καλουμένων
1756 1084 1787 1110 ιο

314 1142 423 1193 φησί
453 1154 528 1192 τις.
579 1142 710 1182 τοῦτο
742 1141 823 1193 γὰρ
856 1140 1104 1192 μαχόμενόν
1136 1142 1229 1183 ἐστι
1258 1143 1349 1192 τοῖς
1381 1142 1673 1193 φαινομένοις.

426 1213 576 1265 Ἣλιός
607 1227 654 1256 τε
687 1214 755 1255 καὶ
786 1215 948 1265 σελήνη
982 1214 1050 1256 καὶ
1081 1215 1134 1255 τὰ
1169 1214 1298 1256 λοιπὰ
1329 1214 1470 1266 ἄστρα
1500 1211 1606 1267 (οὐ)
1636 1213 1727 1256 καθ’

314 1287 447 1329 ἑαυτὰ
486 1287 701 1337 γενόμενα
739 1286 927 1339 ὕστερον
966 1287 1387 1339 ἐμπεριελαμβάνετο
1424 1287 1508 1328 ὑπὸ
1544 1290 1622 1329 τοῦ
1661 1287 1730 1328 κό-

315 1370 440 1412 σμου,
473 1359 566 1401 ἀλλ’
591 1361 720 1411 εὐθὺς
742 1360 1021 1402 διεπλάττετο
1050 1361 1118 1402 καὶ
1150 1360 1329 1411 αὔξησιν
1359 1360 1601 1412 ἐλάμβανεν
1623 1360 1730 1401 κατὰ

313 1433 594 1485 προσκρίσεις
626 1434 694 1475 καὶ
725 1433 916 1485 δινήσεις
948 1435 1226 1485 λεπτομερῶν
1258 1447 1388 1475 τινων
1410 1433 1604 1485 φύσεων,
1636 1432 1731 1483 ἤτοι
1756 1449 1787 1474 ιε.

436 1571 478 1603 13
506 1565 769 1610 κόσμου’καὶ
796 1569 867 1603 ὅσα
893 1579 936 1610 γε
964 1569 1009 1610 δὴ
1037 1569 1147 1602 σώζει
1187 1574 1382 1601 GLOSSEMA

438 1630 480 1661 14
508 1629 781 1671 ἐλάμβανεν·
811 1627 950 1670 ὁμοίως
978 1629 1016 1662 δέ
1046 1629 1104 1661 καὶ
1130 1629 1179 1669 γῆ
1206 1628 1265 1661 καὶ
1291 1628 1456 1661 θάλαττα
1489 1635 1616 1662 Gnoss.
1635 1640 1669 1661 u.
1689 1628 1730 1661 12

438 1768 452 1800 1
482 1767 553 1810 πέρ
577 1777 661 1800 τινα
688 1767 788 1799 libri:
816 1776 906 1799 corr.
935 1766 1170 1798 Casaubonus
1194 1766 1198 1808 1
1221 1764 1353 1810 φασίν]
1381 1766 1496 1808 φύσιν
1523 1767 1553 1797 Β
1576 1767 1581 1808 1
1605 1767 1730 1810 ἐπιτη-

313 1824 438 1869 δείων]
467 1826 757 1869 ἐπιτηδειότητα
783 1826 811 1857 F
851 1826 857 1869 1
897 1827 1012 1859 τινῶν
1040 1836 1098 1857 om
1125 1825 1172 1857 Ff
1222 1824 1236 1868 11
1291 1825 1312 1857 2
1341 1825 1486 1867 κόσμου
1512 1823 1555 1870 ἢ]
1586 1825 1730 1867 κόσμου

314 1885 374 1918 καὶ
401 1885 456 1923 Ff,
482 1895 528 1928 γρ
554 1895 611 1926 mg
639 1885 686 1917 ΡΨ
722 1885 727 1927 1
763 1885 785 1926 ἢ
813 1885 872 1918 καὶ
898 1884 1047 1917 FHPff:
1076 1884 1098 1925 ἢ
1126 1884 1238 1926 BP'Q
1266 1884 1271 1926 l
1303 1884 1398 1917 κατὰ
1426 1884 1556 1927 μικρὸν
1583 1895 1640 1917 om
1668 1885 1697 1916 F
1721 1882 1733 1927 ἰζ

315 1945 334 1977 3
363 1945 422 1978 καὶ
449 1944 696 1985 μεταστάσεις
725 1954 782 1976 om
809 1943 826 1975 s
870 1941 885 1986 11
933 1944 954 1976 4
981 1941 1064 1987 εὰν]
1089 1943 1134 1977 ἂν
1161 1943 1214 1981 Ff,
1244 1953 1290 1986 γρ
1317 1943 1364 1974 Ρ“-’
1399 1943 1404 1983 1
1443 1943 1537 1987 τύχῃ
1565 1954 1622 1975 om
1648 1943 1693 1974 P¹
1721 1945 1733 1986 11

315 2003 336 2036 5
362 2002 450 2046 ἕως]
478 2004 538 2036 καὶ
566 2004 582 2034 s
621 2002 635 2045 11
674 2005 695 2035 6
723 2003 902 2044 διαμονῆς
930 2002 1013 2034 libri
1050 2002 1054 2044 1
1093 2002 1153 2044 ἐφ’
1178 2002 1271 2035 ὅσον
1299 2002 1396 2034 FP⁹s
1418 2002 1562 2044 ἐφόσον
1591 2003 1635 2034 B:
1670 2001 1730 2044 ἐφ’

313 2062 334 2096 ὃ
361 2063 512 2106 H(.P¹)Q
544 2063 549 2104 1
583 2060 646 2106 τὰ]
675 2063 733 2095 καὶ
758 2061 805 2095 τὰ
830 2062 918 2103 H²Q
954 2063 958 2101 1
993 2062 1188 2104 προσοχὴν
1214 2062 1269 2100 Ff,
1297 2072 1343 2105 γρ
1369 2072 1427 2102 mg
1452 2062 1497 2093 P²
1531 2061 1546 2105 11
1579 2062 1601 2095 8
1628 2062 1731 2096 δῖνον

314 2122 377 2164 PQ
404 2122 528 2155 δεῖνον
548 2122 582 2153 Η
611 2121 733 2156 δεινὸν
752 2121 833 2153 BFs
867 2120 882 2163 11
920 2122 940 2154 9
967 2120 1194 2155 αὐξάνεσθαί
1219 2131 1260 2154 τε
1287 2121 1314 2152 F
1350 2120 1364 2164 11
1404 2122 1441 2153 11
1471 2122 1564 2163 φησί
1590 2120 1662 2162 τίς·
1691 2122 1729 2155 F.

315 2181 391 2214 scil.
412 2181 648 2217 Democritus,
677 2181 720 2213 cs.
741 2180 891 2223 Hippol.
911 2192 944 2223 p.
962 2180 1042 2217 565,
1062 2181 1102 2213 13
1118 2181 1162 2211 D.
1190 2179 1410 2223 φθείρεσθαι
1435 2181 1475 2215 δὲ
1502 2181 1640 2222 αὐτοὺς
1667 2180 1730 2215 ὑπ’

314 2239 487 2283 ἀλλήλων
521 2238 832 2282 προσπίπτοντας
865 2239 996 2271 Aetius
1024 2247 1051 2272 ιι
1080 2241 1113 2276 4,
1141 2239 1161 2271 9
1191 2251 1225 2282 p.
1254 2240 1332 2280 331,
1369 2240 1485 2282 deque
1518 2241 1729 2272 necessitate

313 2299 539 2332 Democritea
565 2299 727 2330 Laertius
748 2306 788 2331 lx
808 2299 852 2331 45
872 2298 947 2330 init.
991 2298 1006 2341 11
1050 2298 1090 2331 12
1121 2298 1165 2332 οὐ
1194 2298 1275 2331 καθ’
1304 2298 1618 2330 Aldobrandiuus:
1647 2297 1729 2332 καθ’

314 2358 397 2390 libri
440 2358 454 2401 11
500 2359 541 2390 13
568 2357 664 2391 αὑτὰ
692 2357 762 2399 ῈΗ
795 2357 980 2398 γενόμενα
1006 2357 1097 2388 BFs:
1128 2357 1307 2398 γινόμενα
1334 2357 1435 2398 HPQ
1458 2358 1462 2399 1
1486 2357 1646 2400 ὕστερον
1674 2368 1729 2389 om

315 2419 346 2459 Q
370 2416 375 2459 1
398 2416 760 2459 ἐνπεριελαμβάνετο
788 2417 816 2447 Β
840 2417 846 2458 1
869 2416 1012 2457 κόσμου
1041 2417 1101 2449 καὶ
1128 2416 1199 2449 ὅσα
1228 2443 1258 2449 ..
1289 2416 1400 2450 σώζει
1427 2415 1506 2450 ἀλλ’
1536 2416 1646 2456 εὐθὺς

315 2476 537 2518 ἑλάμβανεν’
557 2475 697 2517 ὁμοίως
718 2502 746 2509 ..
765 2501 772 2508 .
789 2502 795 2508 .
816 2475 984 2509 θάλαττα
1003 2474 1098 2508 κατὰ
1116 2473 1355 2518 προσκρίσεις
1370 2475 1491 2517 HPQf
1505 2475 1647 2516 κόσμου
1668 2501 1674 2507 .
1696 2474 1731 2508 ὁ·

315 2534 431 2576 μοίως
573 2534 740 2568 θάλαττα
771 2534 867 2568 κατὰ
904 2533 1142 2577 προσκρίσεις
1175 2534 1334 2578 (omissis
1367 2535 1427 2567 καὶ
1459 2534 1530 2567 ὅσα
1555 2560 1589 2566 ..
1619 2533 1730 2568 σώζει

315 2593 393 2628 ἀλλ’
533 2592 754 2637 ἐλάμβανεν)
781 2593 809 2624 Β
838 2593 982 2634 κόσμου
1009 2593 1069 2627 καὶ
1095 2593 1167 2626 ὅσα
1194 2603 1236 2632 γε
1264 2593 1309 2634 δὴ
1339 2590 1414 2626 ‘Kal
1442 2592 1608 2626 θάλαττα
1635 2592 1730 2626 κατὰ

314 2651 553 2696 προσκρίσεις
580 2653 643 2685 sed
672 2653 802 2684 omissa
829 2651 895 2694 ’δὴ
930 2652 1056 2686 σώζει·
1096 2651 1174 2686 ἀλλ’
1203 2678 1209 2684 .
1231 2679 1237 2685 .
1260 2679 1265 2684 .
1288 2679 1293 2684 .
1323 2651 1552 2692 ἐλάμβανεν·
1591 2651 1731 2693 ὁμοίως

317 2711 356 2744 δὲ
384 2712 443 2744 καὶ
472 2713 520 2752 γῆ
548 2711 584 2742 in
611 2722 668 2752 mg
695 2722 737 2744 m.
764 2710 783 2742 2
812 2711 992 2754 suppleuit
1018 2712 1047 2742 F
1087 2711 1101 2754 11
1147 2712 1186 2743 14
1215 2712 1274 2744 καὶ
1301 2711 1348 2744 τὰ
1375 2711 1469 2753 πρὸς
1495 2710 1632 2753 κρίσεις
1658 2711 1674 2742 1“

439 2772 481 2803 16
511 2769 571 2814 δὴ]
600 2770 653 2804 δεῖ
681 2771 696 2802 f
731 2771 736 2813 1
774 2770 885 2804 σώζει
914 2771 1114 2802 emendatio
1150 2771 1293 2802 incerta.
1346 2771 1375 2801 si
1402 2775 1498 2801 recte
1524 2769 1730 2801 Gaqsendus

320 2829 387 2861 hoc
415 2830 593 2871 glossema
622 2831 784 2872 sequenti
811 2830 975 2868 subiecit,
1002 2830 1067 2862 suit
1094 2831 1244 2862 fortasse
1271 2831 1361 2872 συζῇ
