1842 3250
151 353 219 386 601

252 233 322 269 333
751 233 960 269 EPICVRI
985 233 1175 267 ETHICA

377 348 574 384 Lmen'mvs
600 348 711 384 one.
739 359 767 385 x
796 351 865 384 118
891 350 961 385 κᾶν
987 352 1206 395 στρεβλωθῇ
1233 350 1265 385 δ’
1285 349 1306 385 ὁ
1332 349 1464 394 σοφός,
1492 348 1587 386 εἶναι
1613 348 1676 384 αὺ-

251 413 319 448 τὸν
346 413 563 456 εὐδαίμονα.

253 479 397 512 (heleno
422 479 528 512 Tusc.
556 474 649 523 disp.
677 486 703 512 11
729 478 765 523 7,
786 480 828 513 17
859 478 1050 522 'Epicurus
1071 489 1157 511 uero
1183 488 1225 511 ea
1243 479 1340 518 dicit,
1366 483 1405 510 ut
1428 477 1514 511 mihi
1534 478 1678 521 quidem

252 543 345 575 risus
373 547 515 587 captare
544 543 717 577 uideatur.
768 543 930 575 adfirmat
957 544 1050 575 enirn
1076 543 1232 587 quodam
1258 542 1354 582 loco,
1382 542 1420 575 si
1446 548 1600 576 uratur
1619 553 1679 574 sa-

251 607 390 650 piens,
416 607 452 639 si
472 607 698 640 crucietur
719 626 762 632 —
781 612 966 651 exspectas
994 608 1146 640 fortasse
1164 608 1247 640 dum
1274 607 1384 642 dicat:
1412 608 1577 652 patietur,
1604 617 1679 650 per·
1702 616 1716 641 r·

253 672 356 710 seret,
386 682 457 703 non
477 672 702 704 succumbet:
727 682 854 713 magna
882 682 938 704 me
957 672 1117 704 Hercule
1143 672 1222 704 laus
1249 677 1285 704 et
1311 683 1353 705 eo
1380 672 1461 715 ipso
1487 683 1551 715 per
1575 681 1679 714 quem

250 734 366 766 iuraui
387 734 507 775 digna.
543 734 607 765 sed
626 733 784 777 Epicuro
812 733 950 766 homini
977 745 1103 778 aspero
1133 739 1168 766 et
1193 735 1282 767 duro
1315 745 1386 767 non
1413 741 1466 768 cst
1492 736 1561 769 hoc
1581 736 1680 769 satis.

249 797 291 829 in
318 797 586 830 Phalaridis
612 803 741 830 tauro
769 799 806 831 si
833 799 933 837 crit,
967 799 1103 831 dicet:
1143 810 1267 843 quam
1297 810 1430 832 suau‘e
1457 806 1535 839 est,
1561 810 1680 844 quam

250 861 330 893 boc
358 872 441 893 non
468 872 570 894 curo
596 887 717 897 .....
766 863 818 895 At
843 863 880 895 id
908 864 1052 906 quidem
1088 864 1143 896 illi
1170 864 1240 907 ipsi
1268 864 1328 906 qui
1360 864 1522 897 dolorem
1549 866 1681 898 malurn

250 935 330 957 esse
349 931 491 967 negant,
517 937 589 959 non
608 925 726 959 solent
746 927 879 966 dicere,
903 927 1067 971 cuiquam
1087 937 1197 960 suaue
1217 938 1297 960 esse
1322 929 1489 962 cruciari:
1516 939 1678 972 asperum
1706 938 1736 962 io

251 989 400 1022 difficile
428 990 594 1024 odiosum
626 996 749 1024 contra
776 996 935 1024 naturam
963 991 1098 1030 dicunt,
1124 1002 1190 1024 nec
1217 997 1334 1025 tamen
1359 992 1503 1026 malum.
1543 993 1601 1026 hic
1619 995 1680 1036 qui

249 1054 368 1086 solum
395 1053 465 1087 hoc
492 1053 623 1086 malum
664 1054 752 1086 dicit
789 1058 824 1086 et
849 1054 1023 1087 malorum
1056 1055 1213 1087 omnium
1240 1059 1446 1093 extremum,
1486 1057 1680 1099 sapientem

250 1123 373 1151 censet
400 1118 436 1151 id
464 1129 574 1151 suaue
605 1119 793 1153 dicturum.
853 1129 920 1161 ego
951 1130 970 1151 a
996 1125 1030 1152 te
1063 1130 1135 1151 non
1161 1118 1319 1162 postulo,
1354 1124 1392 1151 ut
1422 1119 1586 1152 dolorem
1613 1121 1680 1152 eis-

249 1184 331 1216 dem
371 1184 492 1215 uerbis
532 1183 677 1216 adficias
716 1184 851 1228 quibus
882 1184 1072 1227 EpicuruS‚
1110 1184 1219 1216 homo
1257 1189 1295 1216 ut
1332 1184 1404 1216 scis
1442 1184 1680 1228 uoluptatius.

249 1249 313 1280 ille
341 1249 472 1281 dixerit
492 1259 577 1281 sane
604 1249 700 1282 idem
731 1250 767 1281 in
786 1249 995 1282 Phalaridis
1022 1255 1137 1288 tauro,
1164 1250 1262 1292 quod
1290 1249 1320 1281 si
1346 1254 1440 1281 esset
1464 1250 1501 1281 in
1525 1249 1679 1282 lectulo:
1707 1257 1736 1282 ¹5

249 1324 316 1353 ego
347 1318 478 1345 tantam
512 1314 584 1345 uim
613 1324 684 1345 non
711 1314 831 1345 tribuo
859 1314 1057 1357 sapientiae
1084 1320 1206 1346 contra
1233 1313 1424 1346 dolorem'.

250 1378 340 1411 ibid.
373 1385 399 1410 V
427 1378 482 1415 10.
503 1379 545 1411 31
586 1377 780 1421 ‘Epicurus
809 1379 978 1418 exoritur,
1014 1379 1072 1411 cui
1099 1380 1217 1417 etiam,
1245 1378 1275 1410 si
1302 1379 1359 1411 dis
1384 1378 1515 1421 placet,
1541 1377 1683 1409 uidetur

249 1453 389 1485 semper
416 1442 560 1486 sapiens
587 1443 725 1476 beatus.
783 1443 842 1475 hic
873 1444 1048 1485 dignitate
1075 1443 1181 1476 huius
1209 1442 1405 1475 sententiae
1432 1443 1581 1486 capitur,
1617 1443 1680 1474 sed

248 1517 438 1549 numquam
465 1507 502 1538 id
530 1506 684 1545 (liceret,
711 1508 739 1539 si
768 1508 845 1550 ipse
873 1518 912 1539 se
939 1508 1089 1540 audiret.
1133 1507 1220 1551 quid
1247 1512 1302 1539 est
1329 1507 1422 1539 enim
1446 1507 1545 1550 quod
1563 1507 1679 1539 minus

248 1571 438 1603 conueniat
468 1581 572 1614 quam
599 1577 636 1603 ut
666 1571 709 1610 is,
737 1573 799 1615 qui
826 1572 886 1605 uel
914 1583 1088 1604 summum
1117 1572 1176 1604 uel
1215 1572 1332 1604 solum
1358 1571 1489 1604 malum
1516 1571 1679 1603 dolorem
1702 1580 1736 1604 ‘20

249 1645 328 1667 esse
358 1635 465 1674 dicat,
504 1636 600 1668 idem
635 1641 779 1669 censeat
812 1636 946 1680 “quam
974 1637 1045 1669 boc
1086 1647 1195 1669 suane
1224 1635 1309 1669 est”
1345 1640 1419 1669 tum
1444 1646 1522 1668 cum
1550 1635 1678 1667 dolore

249 1700 425 1732 crucietur
450 1700 628 1732 dicturum
657 1711 737 1733 esse
764 1700 1006 1744 sapientem?’

248 1765 338 1797 ibid.
365 1773 391 1798 v
418 1765 476 1803 26,
497 1765 542 1798 75
582 1765 656 1797 ‘me
691 1765 836 1809 quidem
878 1770 1024 1798 auctore
1061 1765 1166 1798 etiam
1200 1764 1432 1809 Peripatetici
1467 1769 1679 1807 ueteresque

249 1829 462 1862 Academici
490 1829 672 1861 balbutire
701 1829 896 1873 aliquando
918 1829 1084 1862 desinant
1111 1833 1305 1873 aperteque
1333 1833 1367 1861 et
1395 1829 1490 1861 clara
1513 1839 1603 1861 uoce
1621 1839 1680 1861 au·

251 1894 357 1925 deant
381 1894 501 1926 dicere
529 1894 670 1926 beatam
697 1894 806 1926 uitam
833 1895 870 1926 in
897 1894 1107 1927 Phalaridis
1134 1899 1272 1926 taurum
1300 1893 1583 1926 ‹lescensuram'.
1702 1903 1736 1928 ⁴25

250 1959 295 1990 de
323 1958 453 1990 finibus
481 1965 507 1991 11
536 1958 595 2001 27,
613 1958 659 1992 85
694 1958 907 2002 ¹(d010rem)
938 1958 1044 1992 nihili
1072 1959 1173 1997 facin
1210 1959 1259 1991 ait
1284 1959 1377 1991 enim
1405 1968 1454 1997 se,
1490 1958 1520 1990 §fi
1547 1961 1678 1996 uratur,

249 2022 382 2065 “quam
411 2022 479 2055 hoc
506 2021 645 2054 suaue”
672 2021 877 2056 dicturum'.

255 2095 277 2120 v
303 2086 361 2125 28,
382 2086 428 2120 85
455 2086 565 2119 ‘sitne
590 2091 725 2119 tantum
752 2087 789 2119 in
817 2087 961 2126 uirtute,
1003 2091 1041 2119 ut
1071 2096 1113 2119 ea
1138 2086 1291 2129 praediti
1325 2085 1384 2118 uel
1410 2086 1446 2119 in
1472 2085 1677 2119 Phalaridis

251 2157 353 2184 tauro
380 2152 478 2184 beati
505 2151 604 2186 sint'.

250 2227 300 2248 or.
332 2216 367 2248 in
395 2216 566 2249 Pisonem
596 2215 651 2255 18,
671 2216 717 2250 42
743 2215 825 2249 ‘sed
860 2217 985 2249 dicunt
1011 2215 1072 2250 isti
1099 2216 1180 2259 ipsi,
1208 2215 1269 2258 qui
1294 2214 1388 2247 mala
1414 2214 1553 2255 dolere,
1583 2215 1678 2248 bona
1703 2224 1737 2248 30

251 2280 438 2323 uoluptate
465 2280 651 2320 definiunt,
679 2282 878 2324 sapientem
906 2281 1015 2313 etiam
1040 2280 1070 2313 si
1098 2281 1135 2312 in
1160 2279 1364 2313 Phalaridis
1392 2284 1492 2312 tauro
1519 2279 1677 2312 inclusus

252 2345 433 2377 succensis
462 2345 606 2385 ignibus
634 2350 821 2383 torreatur,
850 2345 1026 2378 dicturum
1057 2350 1174 2377 tamen
1202 2355 1313 2376 suaue
1338 2344 1430 2377 illud
1458 2354 1538 2377 esse
1567 2355 1678 2388 seque

252 2420 296 2441 ue
324 2409 496 2442 tantulum
518 2410 663 2452 quidem
683 2410 921 2443 commoneri:
950 2414 1081 2442 tantam
1100 2409 1243 2441 uirtutis
1271 2409 1343 2441 uim
1370 2419 1450 2441 esse
1475 2408 1679 2448 uoluerunt,

254 2478 290 2505 ut
316 2483 387 2505 non
412 2477 536 2516 posset
563 2483 643 2506 esse
670 2484 837 2516 umquam
864 2474 919 2505 uir
945 2473 1063 2505 bonus
1091 2482 1163 2505 non
1191 2471 1346 2507 beatus'.

253 2536 401 2570 SENECA
431 2536 535 2580 epist.
562 2537 622 2577 66,
644 2537 686 2570 18
711 2537 906 2581 ‘Epicurus
933 2547 1078 2581 quoque
1112 2538 1162 2570 ait
1188 2537 1395 2580 sapientem,
1432 2536 1462 2569 si
1487 2536 1524 2569 in
1549 2535 1678 2568 Phala·
1701 2544 1734 2569 ³5

376 2702 394 2735 7
415 2705 546 2735 iuraui
566 2703 717 2735 hercule.-
742 2703 860 2744 dzgrna
880 2702 982 2736 libri:
1002 2702 1183 2744 glossema
1203 2701 1340 2734 deleuit
1356 2701 1489 2734 Bakius
1511 2700 1518 2745 Ι
1543 2701 1585 2734 14
1605 2704 1676 2743 epi-

250 2772 361 2793 curus
389 2764 612 2803 uot'upmtcm
639 2763 743 2794 homo
767 2761 870 2795 libri:
900 2762 1083 2802 glossema
1109 2760 1279 2805 expunxit
1305 2759 1493 2793 Bentleius
