<?xml version="1.0" encoding="UTF-8"?>
<!DOCTYPE html PUBLIC "-//W3C//DTD XHTML 1.0 Transitional//EN"
    "http://www.w3.org/TR/xhtml1/DTD/xhtml1-transitional.dtd">
<html xmlns="http://www.w3.org/1999/xhtml" xml:lang="en" lang="en">
 <head>
  <title>
</title>
<meta http-equiv="Content-Type" content="text/html;charset=utf-8" />
  <meta name='ocr-system' content='tesseract 3.04.00' />
  <meta name='ocr-capabilities' content='ocr_page ocr_carea ocr_par ocr_line ocrx_word'/>
</head>
<body>
  <div class='ocr_page' id='page_1' title='image "./epicvreaedidithe00epicuoft/epicvreaedidithe00epicuoft_0309.png"; bbox 0 0 1842 3250; ppageno 0'>
   <div class='ocr_carea' id='block_1_1' title="bbox 661 230 1587 264">
    <p class='ocr_par' dir='ltr' id='par_1_1' title="bbox 661 230 1587 264">
     <span class='ocr_line' id='line_1_1' title="bbox 661 230 1587 264; baseline 0.001 -2"><span class='ocrx_word' id='word_1_1' title='bbox 661 230 865 262; x_wconf 85' lang='lat' dir='ltr'>EPICVRI</span> <span class='ocrx_word' id='word_1_2' title='bbox 891 231 1106 264; x_wconf 87' lang='lat' dir='ltr'>PHYSICA</span> <span class='ocrx_word' id='word_1_3' title='bbox 1518 230 1587 263; x_wconf 83' lang='lat'><strong>225</strong></span> 
     </span>
    </p>
   </div>
   <div class='ocr_carea' id='block_1_2' title="bbox 85 341 1590 1162">
    <p class='ocr_par' dir='ltr' id='par_1_2' title="bbox 85 341 1588 581">
     <span class='ocr_line' id='line_1_2' title="bbox 85 341 1588 387; baseline -0.002 -8"><span class='ocrx_word' id='word_1_4' title='bbox 85 346 153 380; x_wconf 83' lang='lat'><strong>328</strong></span> <span class='ocrx_word' id='word_1_5' title='bbox 299 342 595 377; x_wconf 74' lang='lat' dir='ltr'>TERTVLLIANVS</span> <span class='ocrx_word' id='word_1_6' title='bbox 623 344 667 376; x_wconf 88' lang='lat' dir='ltr'><strong>de</strong></span> <span class='ocrx_word' id='word_1_7' title='bbox 694 344 809 376; x_wconf 86' lang='lat' dir='ltr'><strong>anima</strong></span> <span class='ocrx_word' id='word_1_8' title='bbox 836 344 880 378; x_wconf 82' lang='lat'><strong>46</strong></span> <span class='ocrx_word' id='word_1_9' title='bbox 913 341 1024 377; x_wconf 84' lang='lat' dir='ltr'><strong>‘uana</strong></span> <span class='ocrx_word' id='word_1_10' title='bbox 1048 345 1084 376; x_wconf 86' lang='lat' dir='ltr'><strong>in</strong></span> <span class='ocrx_word' id='word_1_11' title='bbox 1110 349 1221 377; x_wconf 83' lang='lat' dir='ltr'><strong>totum</strong></span> <span class='ocrx_word' id='word_1_12' title='bbox 1249 345 1386 377; x_wconf 84' lang='lat' dir='ltr'><strong>somnia</strong></span> <span class='ocrx_word' id='word_1_13' title='bbox 1414 345 1588 387; x_wconf 84' lang='lat' dir='ltr'>Epicurus</span> 
     </span>
     <span class='ocr_line' id='line_1_3' title="bbox 178 407 1588 449; baseline 0.001 -9"><span class='ocrx_word' id='word_1_14' title='bbox 178 407 362 446; x_wconf 75' lang='lat' dir='ltr'><strong>iudicauit,</strong></span> <span class='ocrx_word' id='word_1_15' title='bbox 396 408 552 440; x_wconf 83' lang='lat' dir='ltr'><strong>liberans</strong></span> <span class='ocrx_word' id='word_1_16' title='bbox 580 418 600 439; x_wconf 85' lang='lat' dir='ltr'><strong>a</strong></span> <span class='ocrx_word' id='word_1_17' title='bbox 625 408 778 449; x_wconf 80' lang='lat' dir='ltr'><strong>negotiis</strong></span> <span class='ocrx_word' id='word_1_18' title='bbox 806 408 1029 440; x_wconf 82' lang='lat' dir='ltr'><strong>diuinitatem</strong></span> <span class='ocrx_word' id='word_1_19' title='bbox 1057 414 1090 440; x_wconf 87' lang='lat' dir='ltr'><strong>et</strong></span> <span class='ocrx_word' id='word_1_20' title='bbox 1117 408 1321 441; x_wconf 75' lang='lat' dir='ltr'><strong>dissoluens</strong></span> <span class='ocrx_word' id='word_1_21' title='bbox 1350 409 1510 441; x_wconf 83' lang='lat' dir='ltr'>ordinem</span> <span class='ocrx_word' id='word_1_22' title='bbox 1537 419 1588 441; x_wconf 81' lang='lat' dir='ltr'><strong>re-</strong></span> 
     </span>
     <span class='ocr_line' id='line_1_4' title="bbox 181 472 1587 516; baseline 0.001 -11"><span class='ocrx_word' id='word_1_23' title='bbox 181 483 255 505; x_wconf 85' lang='lat' dir='ltr'><strong>rum</strong></span> <span class='ocrx_word' id='word_1_24' title='bbox 282 477 316 505; x_wconf 85' lang='lat' dir='ltr'><strong>et</strong></span> <span class='ocrx_word' id='word_1_25' title='bbox 336 472 372 504; x_wconf 91' lang='lat' dir='ltr'><strong>in</strong></span> <span class='ocrx_word' id='word_1_26' title='bbox 396 472 604 515; x_wconf 83' lang='lat' dir='ltr'><strong>passiuitate</strong></span> <span class='ocrx_word' id='word_1_27' title='bbox 623 472 741 504; x_wconf 85' lang='lat' dir='ltr'>onmia</span> <span class='ocrx_word' id='word_1_28' title='bbox 760 483 929 515; x_wconf 82' lang='lat' dir='ltr'><strong>spargens</strong></span> <span class='ocrx_word' id='word_1_29' title='bbox 949 478 987 505; x_wconf 88' lang='lat' dir='ltr'><strong>ut</strong></span> <span class='ocrx_word' id='word_1_30' title='bbox 1006 473 1148 505; x_wconf 71' lang='lat' dir='ltr'><strong>euentui</strong></span> <span class='ocrx_word' id='word_1_31' title='bbox 1169 473 1330 516; x_wconf 80' lang='lat' dir='ltr'><strong>exposita</strong></span> <span class='ocrx_word' id='word_1_32' title='bbox 1355 477 1388 505; x_wconf 72' lang='lat' dir='ltr'><strong>et</strong></span> <span class='ocrx_word' id='word_1_33' title='bbox 1413 472 1587 507; x_wconf 75' lang='lat' dir='ltr'><strong>fortuita’.</strong></span> 
     </span>
     <span class='ocr_line' id='line_1_5' title="bbox 179 535 1587 581; baseline -0.002 -9"><span class='ocrx_word' id='word_1_34' title='bbox 179 536 321 572; x_wconf 76' lang='lat' dir='ltr'>CICERO</span> <span class='ocrx_word' id='word_1_35' title='bbox 355 536 398 568; x_wconf 91' lang='lat' dir='ltr'><strong>de</strong></span> <span class='ocrx_word' id='word_1_36' title='bbox 425 536 534 570; x_wconf 83' lang='lat' dir='ltr'><strong>diuin.</strong></span> <span class='ocrx_word' id='word_1_37' title='bbox 562 544 574 569; x_wconf 89' lang='lat'>1</span> <span class='ocrx_word' id='word_1_38' title='bbox 601 537 658 574; x_wconf 86' lang='lat'><strong>30,</strong></span> <span class='ocrx_word' id='word_1_39' title='bbox 686 536 731 569; x_wconf 88' lang='lat'><strong>62</strong></span> <span class='ocrx_word' id='word_1_40' title='bbox 774 536 985 580; x_wconf 86' lang='lat' dir='ltr'>‘Epicurum</span> <span class='ocrx_word' id='word_1_41' title='bbox 1018 537 1126 578; x_wconf 74' lang='lat' dir='ltr'><strong>igitur</strong></span> <span class='ocrx_word' id='word_1_42' title='bbox 1159 538 1341 570; x_wconf 82' lang='lat' dir='ltr'>audiemus</span> <span class='ocrx_word' id='word_1_43' title='bbox 1374 537 1493 580; x_wconf 80' lang='lat' dir='ltr'><strong>potius</strong></span> <span class='ocrx_word' id='word_1_44' title='bbox 1527 535 1587 581; x_wconf 86' lang='lat' dir='ltr'><strong>(de</strong></span> 
     </span>
    </p>

    <p class='ocr_par' dir='ltr' id='par_1_3' title="bbox 123 599 1590 1162">
     <span class='ocr_line' id='line_1_6' title="bbox 137 599 724 644; baseline -0.007 -9"><span class='ocrx_word' id='word_1_45' title='bbox 137 611 154 636; x_wconf 85' lang='lat'><strong>5</strong></span> <span class='ocrx_word' id='word_1_46' title='bbox 178 601 325 634; x_wconf 84' lang='lat' dir='ltr'><strong>somniis</strong></span> <span class='ocrx_word' id='word_1_47' title='bbox 351 611 456 644; x_wconf 85' lang='lat' dir='ltr'><strong>quam</strong></span> <span class='ocrx_word' id='word_1_48' title='bbox 479 599 724 644; x_wconf 86' lang='lat' dir='ltr'><strong>Platonem)?&#39;</strong></span> 
     </span>
     <span class='ocr_line' id='line_1_7' title="bbox 177 663 1587 709; baseline 0.001 -13"><span class='ocrx_word' id='word_1_49' title='bbox 177 665 266 698; x_wconf 88' lang='lat' dir='ltr'><strong>ibid.</strong></span> <span class='ocrx_word' id='word_1_50' title='bbox 291 672 307 697; x_wconf 94' lang='grc' dir='ltr'>Ι</span> <span class='ocrx_word' id='word_1_51' title='bbox 332 664 390 702; x_wconf 86' lang='grc'><strong>44,</strong></span> <span class='ocrx_word' id='word_1_52' title='bbox 416 663 461 697; x_wconf 87' lang='grc'><strong>99</strong></span> <span class='ocrx_word' id='word_1_53' title='bbox 506 663 674 695; x_wconf 85' lang='lat' dir='ltr'><strong>‘Sisenna</strong></span> <span class='ocrx_word' id='word_1_54' title='bbox 701 689 708 697; x_wconf 94' lang='lat'><strong>.</strong></span> <span class='ocrx_word' id='word_1_55' title='bbox 729 689 736 697; x_wconf 92' lang='lat'><strong>.</strong></span> <span class='ocrx_word' id='word_1_56' title='bbox 757 688 764 696; x_wconf 92' lang='lat'><strong>.</strong></span> <span class='ocrx_word' id='word_1_57' title='bbox 784 688 791 696; x_wconf 91' lang='lat'><strong>.</strong></span> <span class='ocrx_word' id='word_1_58' title='bbox 819 663 1027 702; x_wconf 83' lang='lat' dir='ltr'><strong>insolenter,</strong></span> <span class='ocrx_word' id='word_1_59' title='bbox 1055 665 1162 696; x_wconf 87' lang='lat' dir='ltr'><strong>credo</strong></span> <span class='ocrx_word' id='word_1_60' title='bbox 1190 665 1233 696; x_wconf 88' lang='lat' dir='ltr'><strong>ab</strong></span> <span class='ocrx_word' id='word_1_61' title='bbox 1260 665 1438 708; x_wconf 83' lang='lat' dir='ltr'><strong>Epicureo</strong></span> <span class='ocrx_word' id='word_1_62' title='bbox 1467 666 1587 709; x_wconf 83' lang='lat' dir='ltr'><strong>aliquo</strong></span> 
     </span>
     <span class='ocr_line' id='line_1_8' title="bbox 178 727 1155 771; baseline 0.001 -10"><span class='ocrx_word' id='word_1_63' title='bbox 178 729 355 767; x_wconf 87' lang='lat' dir='ltr'><strong>inductus,</strong></span> <span class='ocrx_word' id='word_1_64' title='bbox 383 727 540 771; x_wconf 86' lang='lat' dir='ltr'><strong>disputat</strong></span> <span class='ocrx_word' id='word_1_65' title='bbox 567 728 713 759; x_wconf 85' lang='lat' dir='ltr'><strong>somniis</strong></span> <span class='ocrx_word' id='word_1_66' title='bbox 740 728 836 760; x_wconf 79' lang='lat' dir='ltr'><strong>credi</strong></span> <span class='ocrx_word' id='word_1_67' title='bbox 864 739 935 760; x_wconf 84' lang='lat' dir='ltr'><strong>non</strong></span> <span class='ocrx_word' id='word_1_68' title='bbox 962 734 1127 771; x_wconf 83' lang='lat' dir='ltr'><strong>oportere</strong></span> <span class='ocrx_word' id='word_1_69' title='bbox 1139 729 1155 762; x_wconf 80' lang='lat'><strong>².</strong></span> 
     </span>
     <span class='ocr_line' id='line_1_9' title="bbox 178 791 1590 837; baseline -0.001 -10"><span class='ocrx_word' id='word_1_70' title='bbox 178 792 397 827; x_wconf 69' lang='lat' dir='ltr'><strong>Prymomvs</strong></span> <span class='ocrx_word' id='word_1_71' title='bbox 424 803 452 826; x_wconf 93' lang='lat' dir='ltr'><strong>c.</strong></span> <span class='ocrx_word' id='word_1_72' title='bbox 470 793 537 826; x_wconf 86' lang='lat'><strong>104</strong></span> <span class='ocrx_word' id='word_1_73' title='bbox 562 791 661 824; x_wconf 86' lang='lat' dir='ltr'><strong>‘hinc</strong></span> <span class='ocrx_word' id='word_1_74' title='bbox 680 792 783 831; x_wconf 82' lang='lat' dir='ltr'><strong>scies,</strong></span> <span class='ocrx_word' id='word_1_75' title='bbox 809 793 923 835; x_wconf 88' lang='lat' dir='ltr'><strong>inquit</strong></span> <span class='ocrx_word' id='word_1_76' title='bbox 941 794 1150 837; x_wconf 80' lang='lat' dir='ltr'>Eumolpus,</span> <span class='ocrx_word' id='word_1_77' title='bbox 1169 793 1360 837; x_wconf 79' lang='lat' dir='ltr'><strong>Epicurum</strong></span> <span class='ocrx_word' id='word_1_78' title='bbox 1382 805 1459 827; x_wconf 83' lang='lat' dir='ltr'><strong>esse</strong></span> <span class='ocrx_word' id='word_1_79' title='bbox 1478 795 1590 827; x_wconf 80' lang='lat' dir='ltr'><strong>homi-</strong></span> 
     </span>
     <span class='ocr_line' id='line_1_10' title="bbox 180 857 1589 899; baseline 0.001 -9"><span class='ocrx_word' id='word_1_80' title='bbox 180 869 259 890; x_wconf 85' lang='lat' dir='ltr'><strong>nem</strong></span> <span class='ocrx_word' id='word_1_81' title='bbox 279 857 450 896; x_wconf 85' lang='lat' dir='ltr'><strong>diuinum,</strong></span> <span class='ocrx_word' id='word_1_82' title='bbox 479 857 539 899; x_wconf 91' lang='lat' dir='ltr'><strong>qui</strong></span> <span class='ocrx_word' id='word_1_83' title='bbox 559 857 634 888; x_wconf 82' lang='lat' dir='ltr'><strong>eius</strong></span> <span class='ocrx_word' id='word_1_84' title='bbox 654 857 750 889; x_wconf 87' lang='lat' dir='ltr'><strong>modi</strong></span> <span class='ocrx_word' id='word_1_85' title='bbox 769 857 925 889; x_wconf 80' lang='lat' dir='ltr'><strong>ludibria</strong></span> <span class='ocrx_word' id='word_1_86' title='bbox 954 858 1168 890; x_wconf 76' lang='lat' dir='ltr'><strong>facetissima</strong></span> <span class='ocrx_word' id='word_1_87' title='bbox 1194 858 1331 890; x_wconf 85' lang='lat' dir='ltr'><strong>ratione</strong></span> <span class='ocrx_word' id='word_1_88' title='bbox 1350 859 1589 891; x_wconf 76' lang='lat' dir='ltr'><strong>condemnat&#39;.</strong></span> 
     </span>
     <span class='ocr_line' id='line_1_11' title="bbox 123 921 1589 967; baseline 0.001 -12"><span class='ocrx_word' id='word_1_89' title='bbox 123 935 157 959; x_wconf 82' lang='lat'><strong>10</strong></span> <span class='ocrx_word' id='word_1_90' title='bbox 180 921 339 967; x_wconf 83' lang='lat' dir='ltr'><strong>[Cassius</strong></span> <span class='ocrx_word' id='word_1_91' title='bbox 358 921 538 954; x_wconf 86' lang='lat' dir='ltr'><strong>Plutarchi</strong></span> <span class='ocrx_word' id='word_1_92' title='bbox 567 932 599 954; x_wconf 87' lang='lat' dir='ltr'><strong>u.</strong></span> <span class='ocrx_word' id='word_1_93' title='bbox 621 922 717 954; x_wconf 79' lang='lat' dir='ltr'><strong>Cass.</strong></span> <span class='ocrx_word' id='word_1_94' title='bbox 738 921 783 954; x_wconf 87' lang='lat'><strong>37</strong></span> <span class='ocrx_word' id='word_1_95' title='bbox 810 921 926 954; x_wconf 83' lang='lat' dir='ltr'><strong>aliena</strong></span> <span class='ocrx_word' id='word_1_96' title='bbox 953 923 1060 954; x_wconf 82' lang='lat' dir='ltr'><strong>refert</strong></span> <span class='ocrx_word' id='word_1_97' title='bbox 1086 928 1124 954; x_wconf 89' lang='lat' dir='ltr'><strong>ut</strong></span> <span class='ocrx_word' id='word_1_98' title='bbox 1150 923 1345 965; x_wconf 82' lang='lat' dir='ltr'><strong>Epicurea:</strong></span> <span class='ocrx_word' id='word_1_99' title='bbox 1374 923 1529 965; x_wconf 81' lang='grc' dir='ltr'>δηλοῦσι</span> <span class='ocrx_word' id='word_1_100' title='bbox 1557 922 1589 956; x_wconf 79' lang='grc' dir='ltr'><strong>δ’</strong></span> 
     </span>
     <span class='ocr_line' id='line_1_12' title="bbox 180 985 1590 1030; baseline 0 -9"><span class='ocrx_word' id='word_1_101' title='bbox 180 987 218 1021; x_wconf 88' lang='grc' dir='ltr'>αἱ</span> <span class='ocrx_word' id='word_1_102' title='bbox 243 987 338 1021; x_wconf 89' lang='grc' dir='ltr'>κατὰ</span> <span class='ocrx_word' id='word_1_103' title='bbox 363 987 454 1028; x_wconf 86' lang='grc' dir='ltr'>τοὺς</span> <span class='ocrx_word' id='word_1_104' title='bbox 480 987 623 1028; x_wconf 81' lang='grc' dir='ltr'>ὕπνους</span> <span class='ocrx_word' id='word_1_105' title='bbox 647 987 784 1029; x_wconf 85' lang='grc' dir='ltr'>τροπαὶ</span> <span class='ocrx_word' id='word_1_106' title='bbox 809 989 888 1020; x_wconf 80' lang='grc' dir='ltr'><strong>τῶν</strong></span> <span class='ocrx_word' id='word_1_107' title='bbox 915 985 1085 1030; x_wconf 81' lang='grc' dir='ltr'>ὀνείρων,</span> <span class='ocrx_word' id='word_1_108' title='bbox 1113 986 1156 1027; x_wconf 84' lang='grc' dir='ltr'><strong>ἃς</strong></span> <span class='ocrx_word' id='word_1_109' title='bbox 1173 988 1349 1030; x_wconf 81' lang='grc' dir='ltr'>τρέπεται</span> <span class='ocrx_word' id='word_1_110' title='bbox 1376 987 1420 1021; x_wconf 87' lang='grc' dir='ltr'><strong>τὸ</strong></span> <span class='ocrx_word' id='word_1_111' title='bbox 1447 998 1590 1029; x_wconf 87' lang='grc' dir='ltr'>φαντα-</span> 
     </span>
     <span class='ocr_line' id='line_1_13' title="bbox 180 1050 1590 1095; baseline -0.001 -9"><span class='ocrx_word' id='word_1_112' title='bbox 180 1051 308 1086; x_wconf 87' lang='grc' dir='ltr'>στικὸν</span> <span class='ocrx_word' id='word_1_113' title='bbox 335 1051 372 1086; x_wconf 79' lang='grc' dir='ltr'><strong>ἐξ</strong></span> <span class='ocrx_word' id='word_1_114' title='bbox 398 1050 514 1095; x_wconf 80' lang='grc' dir='ltr'>ἀρχῆς</span> <span class='ocrx_word' id='word_1_115' title='bbox 548 1050 719 1094; x_wconf 83' lang='grc' dir='ltr'>βραχείας</span> <span class='ocrx_word' id='word_1_116' title='bbox 751 1052 978 1085; x_wconf 84' lang='grc' dir='ltr'>παντοδαπὰ</span> <span class='ocrx_word' id='word_1_117' title='bbox 1011 1053 1071 1086; x_wconf 82' lang='grc' dir='ltr'>καὶ</span> <span class='ocrx_word' id='word_1_118' title='bbox 1105 1052 1207 1095; x_wconf 84' lang='grc' dir='ltr'>πάθη</span> <span class='ocrx_word' id='word_1_119' title='bbox 1244 1053 1304 1086; x_wconf 81' lang='grc' dir='ltr'><strong>καὶ</strong></span> <span class='ocrx_word' id='word_1_120' title='bbox 1331 1051 1467 1086; x_wconf 82' lang='grc' dir='ltr'>εἴδωλα</span> <span class='ocrx_word' id='word_1_121' title='bbox 1492 1052 1590 1092; x_wconf 79' lang='grc' dir='ltr'>γινό-</span> 
     </span>
     <span class='ocr_line' id='line_1_14' title="bbox 180 1116 1590 1162; baseline -0.001 -10"><span class='ocrx_word' id='word_1_122' title='bbox 180 1126 304 1159; x_wconf 84' lang='grc' dir='ltr'>μενον,</span> <span class='ocrx_word' id='word_1_123' title='bbox 348 1118 528 1151; x_wconf 82' lang='grc' dir='ltr'>κινεῖσθαι</span> <span class='ocrx_word' id='word_1_124' title='bbox 562 1117 592 1149; x_wconf 84' lang='grc' dir='ltr'><strong>δ’</strong></span> <span class='ocrx_word' id='word_1_125' title='bbox 621 1116 677 1151; x_wconf 81' lang='grc' dir='ltr'><strong>ἀεὶ</strong></span> <span class='ocrx_word' id='word_1_126' title='bbox 709 1117 866 1159; x_wconf 80' lang='grc' dir='ltr'>πέφυκε,</span> <span class='ocrx_word' id='word_1_127' title='bbox 909 1116 1052 1160; x_wconf 78' lang='grc' dir='ltr'>κίνησις</span> <span class='ocrx_word' id='word_1_128' title='bbox 1078 1119 1109 1151; x_wconf 75' lang='grc' dir='ltr'><strong>δ”</strong></span> <span class='ocrx_word' id='word_1_129' title='bbox 1137 1118 1241 1162; x_wconf 78' lang='grc' dir='ltr'>αὐτῷ</span> <span class='ocrx_word' id='word_1_130' title='bbox 1268 1117 1460 1161; x_wconf 83' lang='grc' dir='ltr'>φαντασία</span> <span class='ocrx_word' id='word_1_131' title='bbox 1486 1128 1541 1158; x_wconf 85' lang='grc' dir='ltr'><strong>τις</strong></span> <span class='ocrx_word' id='word_1_132' title='bbox 1569 1117 1590 1158; x_wconf 86' lang='grc' dir='ltr'>ἢ</span> 
     </span>
    </p>
   </div>
   <div class='ocr_carea' id='block_1_3' title="bbox 88 1180 1592 1388">
    <p class='ocr_par' dir='ltr' id='par_1_4' title="bbox 88 1180 1592 1388">
     <span class='ocr_line' id='line_1_15' title="bbox 178 1180 337 1225; baseline 0 -10"><span class='ocrx_word' id='word_1_133' title='bbox 178 1180 337 1225; x_wconf 62' lang='grc' dir='ltr'>νόησις]</span> 
     </span>
     <span class='ocr_line' id='line_1_16' title="bbox 128 1275 687 1316; baseline -0.002 -9"><span class='ocrx_word' id='word_1_134' title='bbox 128 1291 158 1316; x_wconf 79' lang='lat'><strong>‚5</strong></span> <span class='ocrx_word' id='word_1_135' title='bbox 227 1275 295 1307; x_wconf 82' lang='lat' dir='ltr'><strong>DE</strong></span> <span class='ocrx_word' id='word_1_136' title='bbox 321 1275 687 1307; x_wconf 82' lang='lat' dir='ltr'>GENERATIONE</span> 
     </span>
     <span class='ocr_line' id='line_1_17' title="bbox 88 1343 1592 1388; baseline -0.003 -7"><span class='ocrx_word' id='word_1_137' title='bbox 88 1347 157 1381; x_wconf 81' lang='lat'><strong>329</strong></span> <span class='ocrx_word' id='word_1_138' title='bbox 303 1343 446 1378; x_wconf 74' lang='lat' dir='ltr'>AE&#39;HVS</span> <span class='ocrx_word' id='word_1_139' title='bbox 472 1343 714 1388; x_wconf 82' lang='lat' dir='ltr'><strong>(Plutarchus)</strong></span> <span class='ocrx_word' id='word_1_140' title='bbox 739 1352 766 1377; x_wconf 88' lang='lat' dir='ltr'><strong>v</strong></span> <span class='ocrx_word' id='word_1_141' title='bbox 793 1345 825 1383; x_wconf 85' lang='lat'><strong>3,</strong></span> <span class='ocrx_word' id='word_1_142' title='bbox 853 1344 873 1377; x_wconf 83' lang='lat'>5</span> <span class='ocrx_word' id='word_1_143' title='bbox 900 1356 932 1386; x_wconf 87' lang='lat' dir='ltr'><strong>p.</strong></span> <span class='ocrx_word' id='word_1_144' title='bbox 952 1345 1020 1377; x_wconf 76' lang='lat'><strong>417</strong></span> <span class='ocrx_word' id='word_1_145' title='bbox 1040 1345 1083 1378; x_wconf 91' lang='lat' dir='ltr'><strong>D.</strong></span> <span class='ocrx_word' id='word_1_146' title='bbox 1114 1343 1331 1386; x_wconf 73' lang='grc' dir='ltr'>Ἐπίκουρος</span> <span class='ocrx_word' id='word_1_147' title='bbox 1359 1343 1418 1386; x_wconf 84' lang='grc' dir='ltr'><strong>(τὸ</strong></span> <span class='ocrx_word' id='word_1_148' title='bbox 1446 1343 1592 1386; x_wconf 79' lang='grc' dir='ltr'>σπέρμα</span> 
     </span>
    </p>
   </div>
   <div class='ocr_carea' id='block_1_4' title="bbox 182 1407 1001 1453">
    <p class='ocr_par' dir='ltr' id='par_1_5' title="bbox 182 1407 1001 1453">
     <span class='ocr_line' id='line_1_18' title="bbox 182 1407 1001 1453; baseline -0.001 -10"><span class='ocrx_word' id='word_1_149' title='bbox 182 1409 291 1453; x_wconf 83' lang='grc' dir='ltr'>φησί)</span> <span class='ocrx_word' id='word_1_150' title='bbox 319 1410 442 1451; x_wconf 83' lang='grc' dir='ltr'>ψυχῆς</span> <span class='ocrx_word' id='word_1_151' title='bbox 468 1409 529 1442; x_wconf 78' lang='grc' dir='ltr'>καὶ</span> <span class='ocrx_word' id='word_1_152' title='bbox 553 1407 730 1450; x_wconf 84' lang='grc' dir='ltr'>σώματος</span> <span class='ocrx_word' id='word_1_153' title='bbox 759 1408 1001 1450; x_wconf 82' lang='grc' dir='ltr'>ἀπόσπασμα.</span> 
     </span>
    </p>
   </div>
   <div class='ocr_carea' id='block_1_5' title="bbox 87 1488 1596 1793">
    <p class='ocr_par' dir='ltr' id='par_1_6' title="bbox 87 1488 1596 1598">
     <span class='ocr_line' id='line_1_19' title="bbox 87 1488 1594 1533; baseline -0.002 -8"><span class='ocrx_word' id='word_1_154' title='bbox 87 1490 158 1525; x_wconf 85' lang='grc'><strong>330</strong></span> <span class='ocrx_word' id='word_1_155' title='bbox 302 1491 448 1524; x_wconf 74' lang='lat' dir='ltr'>AETIVS</span> <span class='ocrx_word' id='word_1_156' title='bbox 473 1489 714 1533; x_wconf 79' lang='lat' dir='ltr'><strong>(Plutarchus)</strong></span> <span class='ocrx_word' id='word_1_157' title='bbox 741 1497 766 1521; x_wconf 88' lang='lat' dir='ltr'>v</span> <span class='ocrx_word' id='word_1_158' title='bbox 795 1491 827 1532; x_wconf 72' lang='grc' dir='ltr'><strong>Ξ),</strong></span> <span class='ocrx_word' id='word_1_159' title='bbox 858 1491 873 1522; x_wconf 95' lang='grc'>1</span> <span class='ocrx_word' id='word_1_160' title='bbox 901 1501 936 1532; x_wconf 89' lang='lat' dir='ltr'><strong>p.</strong></span> <span class='ocrx_word' id='word_1_161' title='bbox 955 1489 1025 1522; x_wconf 77' lang='lat'><strong>418</strong></span> <span class='ocrx_word' id='word_1_162' title='bbox 1044 1489 1090 1522; x_wconf 88' lang='lat' dir='ltr'><strong>D.</strong></span> <span class='ocrx_word' id='word_1_163' title='bbox 1125 1488 1352 1532; x_wconf 76' lang='grc' dir='ltr'>Πυθαγόρας</span> <span class='ocrx_word' id='word_1_164' title='bbox 1376 1488 1594 1532; x_wconf 82' lang='grc' dir='ltr'>Ἐπίκουρος</span> 
     </span>
     <span class='ocr_line' id='line_1_20' title="bbox 183 1554 1596 1598; baseline -0.001 -9"><span class='ocrx_word' id='word_1_165' title='bbox 183 1554 422 1598; x_wconf 87' lang='grc' dir='ltr'>Δημόκριτος</span> <span class='ocrx_word' id='word_1_166' title='bbox 447 1555 508 1589; x_wconf 82' lang='grc' dir='ltr'>καὶ</span> <span class='ocrx_word' id='word_1_167' title='bbox 535 1554 579 1588; x_wconf 81' lang='grc' dir='ltr'><strong>τὸ</strong></span> <span class='ocrx_word' id='word_1_168' title='bbox 607 1556 701 1596; x_wconf 84' lang='grc' dir='ltr'>θῆλυ</span> <span class='ocrx_word' id='word_1_169' title='bbox 727 1554 925 1597; x_wconf 82' lang='grc' dir='ltr'>προῖεσθαι</span> <span class='ocrx_word' id='word_1_170' title='bbox 951 1554 1108 1597; x_wconf 79' lang='grc' dir='ltr'>σπέρμα.</span> <span class='ocrx_word' id='word_1_171' title='bbox 1146 1554 1244 1595; x_wconf 79' lang='grc' dir='ltr'>ἔχειν</span> <span class='ocrx_word' id='word_1_172' title='bbox 1262 1554 1333 1597; x_wconf 84' lang='grc' dir='ltr'><strong>γὰρ</strong></span> <span class='ocrx_word' id='word_1_173' title='bbox 1351 1554 1596 1597; x_wconf 79' lang='grc' dir='ltr'>παραστάτας</span> 
     </span>
    </p>

    <p class='ocr_par' dir='ltr' id='par_1_7' title="bbox 125 1618 1596 1793">
     <span class='ocr_line' id='line_1_21' title="bbox 125 1618 1520 1663; baseline -0.001 -9"><span class='ocrx_word' id='word_1_174' title='bbox 125 1629 159 1654; x_wconf 72' lang='lat'><strong>2²0</strong></span> <span class='ocrx_word' id='word_1_175' title='bbox 184 1619 533 1663; x_wconf 84' lang='grc' dir='ltr'>ἀπεστραμμένους·</span> <span class='ocrx_word' id='word_1_176' title='bbox 571 1619 630 1653; x_wconf 79' lang='grc' dir='ltr'><strong>διὰ</strong></span> <span class='ocrx_word' id='word_1_177' title='bbox 656 1622 772 1653; x_wconf 82' lang='grc' dir='ltr'>τοῦτο</span> <span class='ocrx_word' id='word_1_178' title='bbox 801 1619 859 1652; x_wconf 87' lang='grc' dir='ltr'>καὶ</span> <span class='ocrx_word' id='word_1_179' title='bbox 887 1619 1007 1661; x_wconf 83' lang='grc' dir='ltr'>ὄρεξιν</span> <span class='ocrx_word' id='word_1_180' title='bbox 1035 1619 1132 1660; x_wconf 80' lang='grc' dir='ltr'>ἔχειν</span> <span class='ocrx_word' id='word_1_181' title='bbox 1159 1619 1243 1661; x_wconf 81' lang='grc' dir='ltr'>περὶ</span> <span class='ocrx_word' id='word_1_182' title='bbox 1269 1619 1336 1659; x_wconf 86' lang='grc' dir='ltr'><strong>τὰς</strong></span> <span class='ocrx_word' id='word_1_183' title='bbox 1362 1618 1520 1661; x_wconf 83' lang='grc' dir='ltr'>χρήσεις.</span> 
     </span>
     <span class='ocr_line' id='line_1_22' title="bbox 183 1683 1596 1725; baseline -0.003 -7"><span class='ocrx_word' id='word_1_184' title='bbox 183 1683 423 1718; x_wconf 76' lang='lat' dir='ltr'>CENSORINVS</span> <span class='ocrx_word' id='word_1_185' title='bbox 456 1686 499 1717; x_wconf 86' lang='lat' dir='ltr'><strong>de</strong></span> <span class='ocrx_word' id='word_1_186' title='bbox 527 1685 584 1717; x_wconf 86' lang='lat' dir='ltr'><strong>die</strong></span> <span class='ocrx_word' id='word_1_187' title='bbox 611 1689 682 1717; x_wconf 69' lang='lat' dir='ltr'><strong>nai.</strong></span> <span class='ocrx_word' id='word_1_188' title='bbox 711 1684 743 1721; x_wconf 85' lang='lat'><strong>5,</strong></span> <span class='ocrx_word' id='word_1_189' title='bbox 771 1685 792 1716; x_wconf 74' lang='lat'>4</span> <span class='ocrx_word' id='word_1_190' title='bbox 834 1683 945 1715; x_wconf 82' lang='lat' dir='ltr'><strong>‘illud</strong></span> <span class='ocrx_word' id='word_1_191' title='bbox 979 1694 1122 1725; x_wconf 86' lang='lat' dir='ltr'><strong>quoque</strong></span> <span class='ocrx_word' id='word_1_192' title='bbox 1156 1683 1353 1724; x_wconf 79' lang='lat' dir='ltr'><strong>ambiguam</strong></span> <span class='ocrx_word' id='word_1_193' title='bbox 1390 1684 1473 1715; x_wconf 86' lang='lat' dir='ltr'><strong>facit</strong></span> <span class='ocrx_word' id='word_1_194' title='bbox 1506 1687 1596 1715; x_wconf 80' lang='lat' dir='ltr'><strong>mter</strong></span> 
     </span>
     <span class='ocr_line' id='line_1_23' title="bbox 184 1747 1595 1793; baseline -0.002 -11"><span class='ocrx_word' id='word_1_195' title='bbox 184 1754 346 1782; x_wconf 78' lang='lat' dir='ltr'><strong>auctores</strong></span> <span class='ocrx_word' id='word_1_196' title='bbox 382 1750 599 1793; x_wconf 86' lang='lat' dir='ltr'><strong>opinionem,</strong></span> <span class='ocrx_word' id='word_1_197' title='bbox 641 1754 802 1781; x_wconf 86' lang='lat' dir='ltr'><strong>utrumne</strong></span> <span class='ocrx_word' id='word_1_198' title='bbox 831 1760 871 1780; x_wconf 88' lang='lat' dir='ltr'><strong>ex</strong></span> <span class='ocrx_word' id='word_1_199' title='bbox 898 1749 1007 1791; x_wconf 73' lang='lat' dir='ltr'><strong>patris</strong></span> <span class='ocrx_word' id='word_1_200' title='bbox 1040 1748 1282 1780; x_wconf 79' lang='lat' dir='ltr'><strong>tantummodo</strong></span> <span class='ocrx_word' id='word_1_201' title='bbox 1317 1747 1450 1779; x_wconf 81' lang='lat' dir='ltr'><strong>semine</strong></span> <span class='ocrx_word' id='word_1_202' title='bbox 1476 1751 1595 1790; x_wconf 59' lang='lat' dir='ltr'><strong>partus</strong></span> 
     </span>
    </p>
   </div>
   <div class='ocr_carea' id='block_1_6' title="bbox 184 1811 1595 1854">
    <p class='ocr_par' dir='ltr' id='par_1_8' title="bbox 184 1811 1595 1854">
     <span class='ocr_line' id='line_1_24' title="bbox 184 1811 1595 1854; baseline 0.001 -10"><span class='ocrx_word' id='word_1_203' title='bbox 184 1817 347 1845; x_wconf 76' lang='lat' dir='ltr'><strong>nascatur</strong></span> <span class='ocrx_word' id='word_1_204' title='bbox 366 1837 525 1850; x_wconf 89' lang='grc'><strong>.......</strong></span> <span class='ocrx_word' id='word_1_205' title='bbox 553 1823 595 1844; x_wconf 85' lang='lat' dir='ltr'><strong>an</strong></span> <span class='ocrx_word' id='word_1_206' title='bbox 622 1812 726 1844; x_wconf 82' lang='lat' dir='ltr'><strong>etiam</strong></span> <span class='ocrx_word' id='word_1_207' title='bbox 756 1823 797 1843; x_wconf 84' lang='lat' dir='ltr'><strong>ex</strong></span> <span class='ocrx_word' id='word_1_208' title='bbox 822 1812 954 1850; x_wconf 79' lang='lat' dir='ltr'><strong>matris,</strong></span> <span class='ocrx_word' id='word_1_209' title='bbox 981 1812 1076 1854; x_wconf 90' lang='lat' dir='ltr'><strong>quod</strong></span> <span class='ocrx_word' id='word_1_210' title='bbox 1105 1837 1112 1844; x_wconf 92' lang='lat'><strong>.</strong></span> <span class='ocrx_word' id='word_1_211' title='bbox 1129 1837 1161 1844; x_wconf 88' lang='lat'><strong>..</strong></span> <span class='ocrx_word' id='word_1_212' title='bbox 1190 1811 1345 1854; x_wconf 85' lang='lat' dir='ltr'><strong>Epicuro</strong></span> <span class='ocrx_word' id='word_1_213' title='bbox 1374 1812 1488 1843; x_wconf 83' lang='lat' dir='ltr'><strong>uisum</strong></span> <span class='ocrx_word' id='word_1_214' title='bbox 1515 1811 1595 1845; x_wconf 80' lang='lat' dir='ltr'><strong>est’.</strong></span> 
     </span>
    </p>
   </div>
   <div class='ocr_carea' id='block_1_7' title="bbox 89 1890 1598 2064">
    <p class='ocr_par' dir='ltr' id='par_1_9' title="bbox 89 1890 1598 2064">
     <span class='ocr_line' id='line_1_25' title="bbox 89 1890 1597 1933; baseline -0.002 -7"><span class='ocrx_word' id='word_1_215' title='bbox 89 1892 156 1926; x_wconf 84' lang='lat'><strong>331</strong></span> <span class='ocrx_word' id='word_1_216' title='bbox 307 1890 546 1925; x_wconf 69' lang='lat' dir='ltr'>CENSORINVS</span> <span class='ocrx_word' id='word_1_217' title='bbox 572 1892 616 1923; x_wconf 88' lang='lat' dir='ltr'><strong>de</strong></span> <span class='ocrx_word' id='word_1_218' title='bbox 645 1891 703 1923; x_wconf 91' lang='lat' dir='ltr'><strong>die</strong></span> <span class='ocrx_word' id='word_1_219' title='bbox 729 1896 799 1924; x_wconf 85' lang='lat' dir='ltr'><strong>nat.</strong></span> <span class='ocrx_word' id='word_1_220' title='bbox 827 1893 859 1929; x_wconf 74' lang='lat'><strong>(5,</strong></span> <span class='ocrx_word' id='word_1_221' title='bbox 878 1891 899 1924; x_wconf 82' lang='lat'><strong>2</strong></span> <span class='ocrx_word' id='word_1_222' title='bbox 927 1890 1055 1923; x_wconf 81' lang='lat' dir='ltr'><strong>‘Stoici</strong></span> <span class='ocrx_word' id='word_1_223' title='bbox 1082 1902 1151 1923; x_wconf 84' lang='lat' dir='ltr'><strong>una</strong></span> <span class='ocrx_word' id='word_1_224' title='bbox 1177 1895 1288 1922; x_wconf 87' lang='lat' dir='ltr'><strong>totum</strong></span> <span class='ocrx_word' id='word_1_225' title='bbox 1315 1892 1483 1924; x_wconf 83' lang='lat' dir='ltr'><strong>infantem</strong></span> <span class='ocrx_word' id='word_1_226' title='bbox 1513 1892 1597 1933; x_wconf 86' lang='lat' dir='ltr'><strong>figu-</strong></span> 
     </span>
     <span class='ocr_line' id='line_1_26' title="bbox 127 1955 1598 1998; baseline 0 -10"><span class='ocrx_word' id='word_1_227' title='bbox 127 1966 160 1992; x_wconf 73' lang='lat'><strong>25</strong></span> <span class='ocrx_word' id='word_1_228' title='bbox 184 1956 253 1988; x_wconf 87' lang='lat' dir='ltr'><strong>rari</strong></span> <span class='ocrx_word' id='word_1_229' title='bbox 280 1956 445 1988; x_wconf 78' lang='lat' dir='ltr'><strong>dixerunt</strong></span> <span class='ocrx_word' id='word_1_230' title='bbox 471 1981 479 1989; x_wconf 89' lang='lat'><strong>.</strong></span> <span class='ocrx_word' id='word_1_231' title='bbox 500 1981 507 1989; x_wconf 92' lang='lat'><strong>.</strong></span> <span class='ocrx_word' id='word_1_232' title='bbox 528 1981 535 1989; x_wconf 90' lang='lat'><strong>.</strong></span> <span class='ocrx_word' id='word_1_233' title='bbox 564 1962 645 1988; x_wconf 81' lang='lat' dir='ltr'><strong>sunt</strong></span> <span class='ocrx_word' id='word_1_234' title='bbox 672 1956 733 1998; x_wconf 89' lang='lat' dir='ltr'><strong>qui</strong></span> <span class='ocrx_word' id='word_1_235' title='bbox 759 1956 795 1987; x_wconf 90' lang='lat' dir='ltr'><strong>id</strong></span> <span class='ocrx_word' id='word_1_236' title='bbox 821 1956 1010 1998; x_wconf 81' lang='lat' dir='ltr'><strong>opinentur</strong></span> <span class='ocrx_word' id='word_1_237' title='bbox 1037 1956 1114 1998; x_wconf 81' lang='lat' dir='ltr'><strong>ipsa</strong></span> <span class='ocrx_word' id='word_1_238' title='bbox 1141 1955 1215 1987; x_wconf 81' lang='lat' dir='ltr'><strong>fieri</strong></span> <span class='ocrx_word' id='word_1_239' title='bbox 1243 1962 1375 1994; x_wconf 82' lang='lat' dir='ltr'><strong>natura,</strong></span> <span class='ocrx_word' id='word_1_240' title='bbox 1403 1961 1439 1987; x_wconf 85' lang='lat' dir='ltr'><strong>ut</strong></span> <span class='ocrx_word' id='word_1_241' title='bbox 1459 1956 1598 1988; x_wconf 74' lang='lat' dir='ltr'><strong>Aristo-</strong></span> 
     </span>
     <span class='ocr_line' id='line_1_27' title="bbox 184 2020 841 2064; baseline 0.003 -12"><span class='ocrx_word' id='word_1_242' title='bbox 184 2020 275 2052; x_wconf 82' lang='lat' dir='ltr'><strong>teles</strong></span> <span class='ocrx_word' id='word_1_243' title='bbox 302 2025 407 2063; x_wconf 83' lang='lat' dir='ltr'><strong>atque</strong></span> <span class='ocrx_word' id='word_1_244' title='bbox 432 2020 638 2064; x_wconf 50' lang='lat' dir='ltr'><strong>Epicurus&amp;</strong></span> <span class='ocrx_word' id='word_1_245' title='bbox 817 2032 841 2041; x_wconf 40' lang='grc' dir='ltr'><strong>Χ</strong></span> 
     </span>
    </p>
   </div>
   <div class='ocr_carea' id='block_1_8' title="bbox 91 2101 1598 2338">
    <p class='ocr_par' dir='ltr' id='par_1_10' title="bbox 91 2101 1598 2272">
     <span class='ocr_line' id='line_1_28' title="bbox 91 2101 1597 2146; baseline -0.001 -9"><span class='ocrx_word' id='word_1_246' title='bbox 91 2103 160 2137; x_wconf 88' lang='grc'><strong>332</strong></span> <span class='ocrx_word' id='word_1_247' title='bbox 306 2101 452 2135; x_wconf 73' lang='lat' dir='ltr'>AETlvs</span> <span class='ocrx_word' id='word_1_248' title='bbox 478 2102 721 2146; x_wconf 78' lang='lat' dir='ltr'><strong>(Plutarchus)</strong></span> <span class='ocrx_word' id='word_1_249' title='bbox 752 2111 778 2135; x_wconf 83' lang='lat' dir='ltr'><strong>v</strong></span> <span class='ocrx_word' id='word_1_250' title='bbox 807 2102 862 2141; x_wconf 85' lang='grc'><strong>16,</strong></span> <span class='ocrx_word' id='word_1_251' title='bbox 895 2104 910 2135; x_wconf 80' lang='grc'>1</span> <span class='ocrx_word' id='word_1_252' title='bbox 939 2114 972 2145; x_wconf 92' lang='lat' dir='ltr'><strong>p.</strong></span> <span class='ocrx_word' id='word_1_253' title='bbox 992 2102 1062 2135; x_wconf 85' lang='grc'><strong>426</strong></span> <span class='ocrx_word' id='word_1_254' title='bbox 1081 2103 1126 2135; x_wconf 90' lang='lat' dir='ltr'><strong>D.</strong></span> <span class='ocrx_word' id='word_1_255' title='bbox 1167 2102 1407 2145; x_wconf 83' lang='grc' dir='ltr'>Δημόκριτος</span> <span class='ocrx_word' id='word_1_256' title='bbox 1432 2101 1597 2136; x_wconf 77' lang='grc' dir='ltr'>Ἐπίκου-</span> 
     </span>
     <span class='ocr_line' id='line_1_29' title="bbox 185 2164 1598 2210; baseline 0.001 -12"><span class='ocrx_word' id='word_1_257' title='bbox 185 2174 252 2207; x_wconf 84' lang='grc' dir='ltr'><strong>ρος</strong></span> <span class='ocrx_word' id='word_1_258' title='bbox 275 2164 321 2198; x_wconf 87' lang='grc' dir='ltr'><strong>τὸ</strong></span> <span class='ocrx_word' id='word_1_259' title='bbox 348 2165 512 2209; x_wconf 85' lang='grc' dir='ltr'>ἔμβρυον</span> <span class='ocrx_word' id='word_1_260' title='bbox 545 2166 584 2200; x_wconf 81' lang='grc' dir='ltr'><strong>ἑν</strong></span> <span class='ocrx_word' id='word_1_261' title='bbox 610 2169 656 2209; x_wconf 83' lang='grc' dir='ltr'><strong>τῇ</strong></span> <span class='ocrx_word' id='word_1_262' title='bbox 685 2165 808 2210; x_wconf 84' lang='grc' dir='ltr'>μήτρᾳ</span> <span class='ocrx_word' id='word_1_263' title='bbox 842 2165 901 2199; x_wconf 78' lang='grc' dir='ltr'><strong>διὰ</strong></span> <span class='ocrx_word' id='word_1_264' title='bbox 935 2168 1002 2199; x_wconf 84' lang='grc' dir='ltr'><strong>τοῦ</strong></span> <span class='ocrx_word' id='word_1_265' title='bbox 1037 2166 1225 2207; x_wconf 83' lang='grc' dir='ltr'>στόματος</span> <span class='ocrx_word' id='word_1_266' title='bbox 1256 2165 1473 2209; x_wconf 82' lang='grc' dir='ltr'>τρέφεσθαι,</span> <span class='ocrx_word' id='word_1_267' title='bbox 1511 2166 1598 2200; x_wconf 83' lang='grc' dir='ltr'>ὅθεν</span> 
     </span>
     <span class='ocr_line' id='line_1_30' title="bbox 187 2228 1598 2272; baseline -0.001 -9"><span class='ocrx_word' id='word_1_268' title='bbox 187 2229 326 2272; x_wconf 84' lang='grc' dir='ltr'>εὐθέως</span> <span class='ocrx_word' id='word_1_269' title='bbox 350 2229 534 2272; x_wconf 82' lang='grc' dir='ltr'>γεννηθὲν</span> <span class='ocrx_word' id='word_1_270' title='bbox 562 2229 622 2263; x_wconf 82' lang='grc' dir='ltr'><strong>ἐπὶ</strong></span> <span class='ocrx_word' id='word_1_271' title='bbox 648 2229 716 2262; x_wconf 88' lang='grc' dir='ltr'><strong>τὸν</strong></span> <span class='ocrx_word' id='word_1_272' title='bbox 743 2229 887 2271; x_wconf 86' lang='grc' dir='ltr'>μαστὸν</span> <span class='ocrx_word' id='word_1_273' title='bbox 916 2229 1097 2271; x_wconf 83' lang='grc' dir='ltr'>φέρεσθαι</span> <span class='ocrx_word' id='word_1_274' title='bbox 1125 2231 1178 2272; x_wconf 80' lang='grc' dir='ltr'><strong>τῷ</strong></span> <span class='ocrx_word' id='word_1_275' title='bbox 1207 2228 1374 2269; x_wconf 81' lang='grc' dir='ltr'>στόματι.</span> <span class='ocrx_word' id='word_1_276' title='bbox 1403 2229 1498 2263; x_wconf 86' lang='grc' dir='ltr'>εἶναι</span> <span class='ocrx_word' id='word_1_277' title='bbox 1526 2229 1598 2272; x_wconf 83' lang='grc' dir='ltr'><strong>γὰρ</strong></span> 
     </span>
    </p>

    <p class='ocr_par' dir='ltr' id='par_1_11' title="bbox 129 2292 1499 2338">
     <span class='ocr_line' id='line_1_31' title="bbox 129 2292 1499 2338; baseline -0.003 -10"><span class='ocrx_word' id='word_1_278' title='bbox 129 2308 163 2332; x_wconf 71' lang='lat'><strong>³0</strong></span> <span class='ocrx_word' id='word_1_279' title='bbox 187 2295 248 2328; x_wconf 76' lang='grc' dir='ltr'>καὶ</span> <span class='ocrx_word' id='word_1_280' title='bbox 274 2294 315 2328; x_wconf 84' lang='grc' dir='ltr'><strong>ἑν</strong></span> <span class='ocrx_word' id='word_1_281' title='bbox 340 2297 387 2338; x_wconf 83' lang='grc' dir='ltr'><strong>τῇ</strong></span> <span class='ocrx_word' id='word_1_282' title='bbox 415 2293 538 2338; x_wconf 84' lang='grc' dir='ltr'>μήτρᾳ</span> <span class='ocrx_word' id='word_1_283' title='bbox 563 2293 679 2336; x_wconf 83' lang='grc' dir='ltr'>θηλάς</span> <span class='ocrx_word' id='word_1_284' title='bbox 704 2303 809 2334; x_wconf 81' lang='grc' dir='ltr'>τινας</span> <span class='ocrx_word' id='word_1_285' title='bbox 835 2293 895 2326; x_wconf 81' lang='grc' dir='ltr'>καὶ</span> <span class='ocrx_word' id='word_1_286' title='bbox 921 2292 1101 2334; x_wconf 80' lang='grc' dir='ltr'>στόματα,</span> <span class='ocrx_word' id='word_1_287' title='bbox 1132 2293 1176 2326; x_wconf 82' lang='grc' dir='ltr'><strong>δι’</strong></span> <span class='ocrx_word' id='word_1_288' title='bbox 1204 2292 1258 2326; x_wconf 84' lang='grc' dir='ltr'><strong>ὧν</strong></span> <span class='ocrx_word' id='word_1_289' title='bbox 1284 2294 1499 2335; x_wconf 77' lang='grc' dir='ltr'>τρεφεσθαῑ.</span> 
     </span>
    </p>
   </div>
   <div class='ocr_carea' id='block_1_9' title="bbox 235 2386 1021 2433">
    <p class='ocr_par' dir='ltr' id='par_1_12' title="bbox 235 2386 1021 2433">
     <span class='ocr_line' id='line_1_32' title="bbox 235 2386 1021 2433; baseline -0.004 -14"><span class='ocrx_word' id='word_1_290' title='bbox 235 2388 302 2419; x_wconf 88' lang='lat' dir='ltr'><strong>DE</strong></span> <span class='ocrx_word' id='word_1_291' title='bbox 327 2386 541 2419; x_wconf 86' lang='lat' dir='ltr'>ORIGINE</span> <span class='ocrx_word' id='word_1_292' title='bbox 568 2386 787 2418; x_wconf 81' lang='lat' dir='ltr'>GENERIS</span> <span class='ocrx_word' id='word_1_293' title='bbox 813 2386 1021 2433; x_wconf 70' lang='lat' dir='ltr'>HVMANI</span> 
     </span>
    </p>
   </div>
   <div class='ocr_carea' id='block_1_10' title="bbox 91 2455 1600 2565">
    <p class='ocr_par' dir='ltr' id='par_1_13' title="bbox 91 2455 1600 2565">
     <span class='ocr_line' id='line_1_33' title="bbox 91 2455 1600 2496; baseline -0.005 -2"><span class='ocrx_word' id='word_1_294' title='bbox 91 2460 161 2494; x_wconf 83' lang='lat'><strong>333</strong></span> <span class='ocrx_word' id='word_1_295' title='bbox 307 2455 550 2491; x_wconf 73' lang='lat' dir='ltr'>CENSORINVS</span> <span class='ocrx_word' id='word_1_296' title='bbox 577 2458 621 2489; x_wconf 90' lang='lat' dir='ltr'><strong>de</strong></span> <span class='ocrx_word' id='word_1_297' title='bbox 649 2457 706 2488; x_wconf 86' lang='lat' dir='ltr'><strong>die</strong></span> <span class='ocrx_word' id='word_1_298' title='bbox 735 2463 804 2489; x_wconf 85' lang='lat' dir='ltr'><strong>nat.</strong></span> <span class='ocrx_word' id='word_1_299' title='bbox 835 2456 868 2494; x_wconf 82' lang='lat'><strong>4,</strong></span> <span class='ocrx_word' id='word_1_300' title='bbox 892 2456 913 2489; x_wconf 85' lang='lat'>9</span> <span class='ocrx_word' id='word_1_301' title='bbox 964 2456 1187 2488; x_wconf 76' lang='lat' dir='ltr'><strong>‘Democrito</strong></span> <span class='ocrx_word' id='word_1_302' title='bbox 1216 2455 1414 2487; x_wconf 81' lang='lat' dir='ltr'><strong>Abderitae</strong></span> <span class='ocrx_word' id='word_1_303' title='bbox 1442 2465 1484 2487; x_wconf 73' lang='lat' dir='ltr'><strong>ex</strong></span> <span class='ocrx_word' id='word_1_304' title='bbox 1510 2465 1600 2496; x_wconf 86' lang='lat' dir='ltr'><strong>aqua</strong></span> 
     </span>
     <span class='ocr_line' id='line_1_34' title="bbox 185 2519 1597 2565; baseline -0.004 -10"><span class='ocrx_word' id='word_1_305' title='bbox 185 2522 345 2565; x_wconf 84' lang='lat' dir='ltr'><strong>limoque</strong></span> <span class='ocrx_word' id='word_1_306' title='bbox 376 2522 527 2565; x_wconf 86' lang='lat' dir='ltr'><strong>primum</strong></span> <span class='ocrx_word' id='word_1_307' title='bbox 561 2522 676 2554; x_wconf 80' lang='lat' dir='ltr'><strong>uisum</strong></span> <span class='ocrx_word' id='word_1_308' title='bbox 703 2532 783 2553; x_wconf 84' lang='lat' dir='ltr'><strong>esse</strong></span> <span class='ocrx_word' id='word_1_309' title='bbox 809 2521 973 2553; x_wconf 79' lang='lat' dir='ltr'><strong>homines</strong></span> <span class='ocrx_word' id='word_1_310' title='bbox 1001 2525 1216 2564; x_wconf 80' lang='lat' dir='ltr'><strong>procreatos.</strong></span> <span class='ocrx_word' id='word_1_311' title='bbox 1269 2530 1333 2552; x_wconf 90' lang='lat' dir='ltr'><strong>nec</strong></span> <span class='ocrx_word' id='word_1_312' title='bbox 1360 2519 1468 2560; x_wconf 85' lang='lat' dir='ltr'><strong>longe</strong></span> <span class='ocrx_word' id='word_1_313' title='bbox 1495 2529 1597 2551; x_wconf 78' lang='lat' dir='ltr'><strong>secus</strong></span> 
     </span>
    </p>
   </div>
   <div class='ocr_carea' id='block_1_11' title="bbox 186 2633 1600 2848">
    <p class='ocr_par' dir='ltr' id='par_1_14' title="bbox 186 2633 1600 2848">
     <span class='ocr_line' id='line_1_35' title="bbox 307 2633 1597 2678; baseline -0.004 -8"><span class='ocrx_word' id='word_1_314' title='bbox 307 2638 324 2670; x_wconf 96' lang='lat'>1</span> <span class='ocrx_word' id='word_1_315' title='bbox 354 2638 398 2670; x_wconf 85' lang='lat' dir='ltr'><strong>cf.</strong></span> <span class='ocrx_word' id='word_1_316' title='bbox 416 2639 556 2670; x_wconf 84' lang='lat' dir='ltr'><strong>Lucret.</strong></span> <span class='ocrx_word' id='word_1_317' title='bbox 575 2644 616 2669; x_wconf 87' lang='lat' dir='ltr'><strong>IV</strong></span> <span class='ocrx_word' id='word_1_318' title='bbox 634 2636 777 2670; x_wconf 80' lang='lat'>814-7</span> <span class='ocrx_word' id='word_1_319' title='bbox 817 2636 824 2678; x_wconf 84' lang='lat'><em>1</em></span> <span class='ocrx_word' id='word_1_320' title='bbox 861 2634 882 2668; x_wconf 84' lang='lat'>9</span> <span class='ocrx_word' id='word_1_321' title='bbox 909 2633 1079 2678; x_wconf 83' lang='lat' dir='ltr'><strong>ludibria]</strong></span> <span class='ocrx_word' id='word_1_322' title='bbox 1101 2634 1318 2667; x_wconf 81' lang='lat' dir='ltr'><strong>somniorum</strong></span> <span class='ocrx_word' id='word_1_323' title='bbox 1345 2645 1393 2667; x_wconf 91' lang='lat' dir='ltr'><strong>sc.</strong></span> <span class='ocrx_word' id='word_1_324' title='bbox 1428 2633 1442 2677; x_wconf 78' lang='grc' dir='ltr'>Η</span> <span class='ocrx_word' id='word_1_325' title='bbox 1486 2635 1527 2667; x_wconf 86' lang='grc'><strong>15</strong></span> <span class='ocrx_word' id='word_1_326' title='bbox 1555 2634 1597 2666; x_wconf 89' lang='lat' dir='ltr'><strong>cf.</strong></span> 
     </span>
     <span class='ocr_line' id='line_1_36' title="bbox 186 2690 1600 2739; baseline -0.002 -12"><span class='ocrx_word' id='word_1_327' title='bbox 186 2695 277 2727; x_wconf 77' lang='lat' dir='ltr'><strong>VH2</strong></span> <span class='ocrx_word' id='word_1_328' title='bbox 294 2704 322 2728; x_wconf 81' lang='lat' dir='ltr'><strong>x</strong></span> <span class='ocrx_word' id='word_1_329' title='bbox 338 2695 385 2730; x_wconf 83' lang='lat'><strong>95</strong></span> <span class='ocrx_word' id='word_1_330' title='bbox 401 2707 478 2739; x_wconf 86' lang='lat' dir='ltr'><strong>sqq.</strong></span> <span class='ocrx_word' id='word_1_331' title='bbox 513 2697 518 2738; x_wconf 89' lang='grc'>1</span> <span class='ocrx_word' id='word_1_332' title='bbox 558 2696 599 2728; x_wconf 83' lang='grc'><strong>16</strong></span> <span class='ocrx_word' id='word_1_333' title='bbox 618 2695 663 2729; x_wconf 83' lang='lat' dir='ltr'><strong>cs.</strong></span> <span class='ocrx_word' id='word_1_334' title='bbox 683 2695 722 2728; x_wconf 81' lang='lat' dir='ltr'><strong>fr.</strong></span> <span class='ocrx_word' id='word_1_335' title='bbox 740 2694 805 2727; x_wconf 87' lang='lat'><strong>311</strong></span> <span class='ocrx_word' id='word_1_336' title='bbox 827 2705 859 2737; x_wconf 89' lang='lat' dir='ltr'><strong>p.</strong></span> <span class='ocrx_word' id='word_1_337' title='bbox 876 2693 958 2731; x_wconf 83' lang='lat'><strong>217,</strong></span> <span class='ocrx_word' id='word_1_338' title='bbox 974 2694 993 2725; x_wconf 86' lang='lat'>7</span> <span class='ocrx_word' id='word_1_339' title='bbox 1028 2691 1044 2737; x_wconf 66' lang='lat'><strong>{3</strong></span> <span class='ocrx_word' id='word_1_340' title='bbox 1081 2692 1122 2725; x_wconf 89' lang='grc'><strong>19</strong></span> <span class='ocrx_word' id='word_1_341' title='bbox 1144 2693 1185 2725; x_wconf 89' lang='lat' dir='ltr'><strong>cf.</strong></span> <span class='ocrx_word' id='word_1_342' title='bbox 1205 2692 1570 2726; x_wconf 71' lang='lat' dir='ltr'><strong>Luc1·.1v12‹)3-32</strong></span> <span class='ocrx_word' id='word_1_343' title='bbox 1596 2690 1600 2735; x_wconf 79' lang='lat'>1</span> 
     </span>
     <span class='ocr_line' id='line_1_37' title="bbox 189 2751 1477 2796; baseline -0.002 -10"><span class='ocrx_word' id='word_1_344' title='bbox 189 2754 232 2787; x_wconf 82' lang='lat'><strong>19</strong></span> <span class='ocrx_word' id='word_1_345' title='bbox 260 2759 294 2786; x_wconf 84' lang='lat' dir='ltr'><strong>et</strong></span> <span class='ocrx_word' id='word_1_346' title='bbox 319 2754 366 2788; x_wconf 91' lang='grc'><strong>20</strong></span> <span class='ocrx_word' id='word_1_347' title='bbox 390 2754 464 2796; x_wconf 79' lang='grc' dir='ltr'>ἔχει</span> <span class='ocrx_word' id='word_1_348' title='bbox 492 2754 576 2786; x_wconf 71' lang='lat' dir='ltr'><strong>libri</strong></span> <span class='ocrx_word' id='word_1_349' title='bbox 624 2754 627 2794; x_wconf 94' lang='grc' dir='ltr'>Ι</span> <span class='ocrx_word' id='word_1_350' title='bbox 674 2754 721 2787; x_wconf 81' lang='grc'><strong>20</strong></span> <span class='ocrx_word' id='word_1_351' title='bbox 747 2754 792 2786; x_wconf 88' lang='lat' dir='ltr'><strong>cf.</strong></span> <span class='ocrx_word' id='word_1_352' title='bbox 818 2754 920 2786; x_wconf 86' lang='lat' dir='ltr'><strong>Lucr.</strong></span> <span class='ocrx_word' id='word_1_353' title='bbox 949 2760 990 2784; x_wconf 76' lang='lat' dir='ltr'><strong>lv</strong></span> <span class='ocrx_word' id='word_1_354' title='bbox 1022 2751 1256 2785; x_wconf 73' lang='lat'>1192—-1207</span> <span class='ocrx_word' id='word_1_355' title='bbox 1279 2752 1387 2793; x_wconf 55' lang='lat' dir='ltr'><strong>&#39;ssorh</strong></span> <span class='ocrx_word' id='word_1_356' title='bbox 1418 2751 1477 2784; x_wconf 79' lang='grc' dir='ltr'><strong>ἐπὶ</strong></span> 
     </span>
     <span class='ocr_line' id='line_1_38' title="bbox 1287 2817 1329 2848; baseline 0 0"><span class='ocrx_word' id='word_1_357' title='bbox 1287 2817 1329 2848; x_wconf 83' lang='lat'><strong>15</strong></span> 
     </span>
    </p>
   </div>
  </div>
 </body>
</html>
