1842 3250
690 255 932 288 EPICVRVS
960 255 1024 286 DE
1051 256 1273 288 ARTIBVS
1623 256 1690 289 173

276 370 388 403 fuisse
422 370 564 408 dicitur,
606 396 642 404 ..
663 397 670 404 .
691 396 699 404 .
726 371 883 414 Epicuro
916 373 1121 404 adsentiens
1157 376 1267 404 totam
1303 371 1532 413 geometriam
1565 370 1691 404 falsam

275 444 356 467 esse
381 433 563 468 credidit'.

276 496 452 533 Pnocnvs
478 500 514 532 in
541 499 731 532 Euclidem
757 511 790 544 p.
807 502 851 533 55
872 501 953 534 Bas.
985 499 1062 539 199,
1078 500 1099 534 9
1119 501 1252 534 Friedl.
1280 502 1359 535 τῶν
1386 500 1427 534 δὲ
1453 498 1522 540 τὰς
1547 509 1689 541 γεωμε-

273 561 402 605 τρικὰς
440 563 556 605 μόνας
589 562 729 607 ἀρχὰς
762 564 987 607 ἀνατρέπειν
1022 564 1286 608 προθεμένων,
1327 565 1452 608 ὥςπερ
1485 566 1563 598 τῶν
1595 563 1689 598 Ἐπι-

233 637 249 664 5
274 625 468 670 κουρείων.

174 710 265 745 229b
397 707 546 744 Smx‘rvs
579 720 670 753 emp.
703 711 783 744 adu.
810 710 977 743 mathem.
1005 717 1048 743 vr
1076 710 1121 743 27
1164 711 1224 744 καὶ
1258 711 1332 752 μὴν
1365 710 1446 745 οὐδ’
1473 708 1506 745 εἰ
1536 709 1571 745 οἱ
1603 711 1689 754 περὶ

273 773 342 808 τὸν
367 773 559 809 Πλάτωνα
585 775 770 818 μουσικὴν
797 774 1040 817 ἀπεδέξαντο,
1070 775 1208 818 ῥητέον
1234 775 1329 818 πρὸς
1354 774 1596 816 εὐδαιμονίαν
1624 776 1688 810 αὐ-

273 838 344 881 τὴν
375 839 592 882 συντείνειν,
633 839 713 876 ἐπεὶ
748 841 808 874 καὶ
845 840 950 875 ἄλλοι
983 841 1033 882 μὴ
1064 840 1280 882 λειπόμενοι
1312 841 1380 882 τῆς
1409 840 1559 874 τούτων
1592 839 1688 874 ἀξιο-

273 902 432 947 πιστίας,
461 904 558 939 καθά
584 914 654 947 περ
681 903 717 938 οἱ
744 905 828 947 περὶ
853 904 922 938 τὸν
940 903 1173 948 Ἐπίκουρον,
1201 902 1421 947 ἠρνήσαντο
1447 904 1590 946 ταύτην
1619 904 1689 946 τήν

218 979 248 1003 ιο
273 966 524 1011 ἀντιποίησιν,
564 969 740 1010 λέγοντες
775 967 1002 1003 τούναντίον
1042 969 1162 1011 αὐτὴν
1195 968 1460 1012 “ἀσύμφορον’
1495 969 1590 1003 εἶναι
1627 970 1688 1003 καὶ

271 1031 410 1076 ’ἀργὸν
435 1032 609 1076 φίλοινον
635 1033 839 1077 χρημάτων
866 1033 1034 1076 ἀτημελῆ
1046 1033 1064 1067 ³.
1105 1082 1109 1084 η

173 1110 245 1145 230
390 1110 601 1148 ΒῙΟΝῩΒΠΒ
621 1112 754 1148 ΗΛιιο.
781 1114 825 1147 de
844 1125 958 1158 comp.
979 1115 1077 1150 uerb.
1098 1115 1143 1151 24
1162 1126 1196 1158 p.
1215 1115 1281 1149 188
1299 1114 1361 1157 (cf.
1380 1125 1487 1158 supra
1503 1126 1538 1159 p.
1553 1115 1614 1158 90)
1641 1113 1687 1149 τὸ

271 1176 344 1221 γὰρ
371 1176 554 1212 ἐπίπονον
579 1181 649 1214 τοῦ
675 1179 835 1221 γράφειν
862 1179 995 1221 ὄντως,
1022 1179 1073 1220 ὡς
1097 1179 1211 1221 αὐτὸς
1229 1178 1447 1223 Ἐπίκουρος
1471 1180 1583 1222 λέγει,
1609 1183 1688 1220 τοῖς

273 1243 322 1286 μὴ
350 1244 642 1286 στοχαζομένοις
665 1247 735 1278 τοῦ
762 1244 886 1278 πυκνὰ
913 1243 1217 1285 μεταπίπτοντος
1243 1243 1437 1287 κριτηρίου
1463 1246 1606 1286 πολλῆς
1624 1244 1688 1288 ἁρ-

216 1319 248 1344 15
272 1307 356 1350 γίας
383 1307 430 1352 ἥν
456 1309 517 1343 καὶ
546 1308 773 1351 σκαιότητος
798 1307 1110 1351 ἀλεξιφάρμακον.

318 1439 388 1472 DE
413 1439 746 1473 PHILOSOPHIS

174 1521 241 1553 231
393 1519 537 1555 CICERO
571 1521 671 1553 Bruti
698 1521 755 1560 85,
784 1520 852 1554 292
891 1521 976 1562 ‘ego
1010 1523 1158 1554 ironiam
1193 1523 1292 1555 illam
1331 1533 1436 1566 quam
1471 1523 1507 1555 in
1539 1523 1687 1556 Socrate

272 1586 395 1618 dicunt
421 1585 532 1618 fuisse
561 1611 567 1618 .
586 1611 615 1618 ..
642 1586 792 1618 facetam
819 1592 853 1618 et
880 1586 1081 1628 elegantem
1098 1592 1186 1630 puto
1217 1612 1248 1620 ..
1265 1614 1270 1619 .
1289 1611 1297 1625 ,
1324 1592 1363 1619 ut
1386 1588 1480 1630 apud
1499 1588 1689 1620 Platonem

271 1649 437 1683 Socrates
469 1651 505 1683 in
532 1651 669 1685 caelum
704 1651 804 1683 effert
837 1651 1005 1683 laudibus
1032 1652 1267 1693 Protagoram
1297 1652 1470 1696 Hippiam
1496 1653 1690 1685 Prodicum

213 1723 248 1750 20
274 1716 442 1758 Gorgiam
470 1721 622 1755 ceteros,
650 1726 688 1748 se
716 1723 832 1749 autem
859 1718 1015 1749 omnium
1043 1728 1158 1749 rerum
1187 1718 1337 1750 inscium
1364 1717 1466 1759 fingit
1492 1722 1526 1749 et
1553 1718 1687 1751 rudem.

271 1781 374 1814 decet
398 1781 469 1813 hoc
494 1781 615 1814 nescio
641 1792 713 1824 quo
739 1781 848 1814 modo
874 1781 990 1819 illum,
1018 1792 1083 1814 nec
1101 1782 1271 1825 Epicuro,
1296 1782 1355 1825 qui
1380 1781 1417 1813 id
1444 1782 1687 1825 reprehendit,

272 1845 447 1877 assentior
458 1844 477 1878 '.

171 1922 242 1957 232
391 1924 584 1961 LAnssrrvs
611 1926 724 1961 D1oo.
752 1935 779 1959 x
812 1928 854 1961 13
887 1926 965 1961 ἀλλ’
992 1926 1082 1961 οὐδὲ
1109 1927 1326 1961 Λεύκιππόν
1351 1938 1434 1962 τινα
1462 1926 1690 1970 γεγενῆσθαί

662 2032 677 2052 N

392 2080 413 2114 3
433 2080 476 2113 cf.
492 2080 644 2113 Proclus
663 2092 697 2124 p.
718 2081 795 2123 199,
814 2081 857 2114 14
869 2091 920 2123 sq.
942 2081 1021 2118 214,
1041 2080 1082 2114 18
1093 2092 1145 2124 sq.
1159 2080 1311 2122 (216,21
1330 2082 1446 2115 scribe
1462 2082 1530 2116 τὸν
1549 2083 1683 2126 δριμὺν

271 2138 537 2183 Ἐπικούρειον,
562 2140 584 2173 i.
605 2151 634 2172 e.
654 2140 860 2183 Zenonem).
886 2140 969 2178 322,
986 2141 1006 2173 4
1025 2151 1077 2184 sq.
1097 2141 1231 2174 Friedl.
1271 2142 1276 2183 Ι
1317 2142 1338 2174 4
1362 2141 1479 2184 ἀρχὰς
1497 2142 1540 2174 cf.
1561 2141 1687 2174 Cicero

272 2208 379 2242 supra
395 2210 429 2243 p.
452 2200 528 2238 171,
545 2199 565 2232 3
600 2199 616 2243 Η
649 2200 670 2232 6
690 2199 770 2233 οὐδ’
790 2199 822 2233 εἰ
839 2200 1036 2231 Heruetus:
1059 2198 1089 2233 εἰ
1108 2200 1198 2233 οὔτε
1217 2200 1301 2232 libri
1337 2201 1342 2241 Ι
1378 2201 1398 2232 7
1417 2200 1555 2243 ῥητέον
1575 2201 1685 2233 idem:

271 2257 410 2300 ῥητέον
436 2258 482 2292 οὐ
508 2258 592 2291 libri
625 2258 632 2301 1
668 2259 688 2292 9
718 2259 761 2292 cf.
783 2259 1018 2291 Philodemus
1046 2259 1091 2290 de
1118 2259 1254 2291 musica
1273 2259 1361 2292 VH¹
1380 2267 1394 2293 1
1430 2258 1437 2305 Ι
1475 2260 1518 2293 10
1532 2270 1583 2303 sq.
1601 2260 1686 2293 Eur.

272 2318 312 2351 fr.
338 2316 402 2351 184
428 2318 568 2351 Nauck.
617 2319 624 2359 ι
674 2319 714 2351 11
744 2317 864 2361 ἀργὴν
891 2318 975 2351 libri
1028 2317 1042 2360 ΙΙ
1101 2317 1142 2352 13
1171 2317 1369 2363 ἐπίπονον]
1403 2319 1473 2352 οὐκ
1500 2318 1686 2355 ἐπιπόνου

272 2377 352 2410 cod.
379 2377 564 2409 Parisinus
587 2377 592 2419 Ι
619 2376 850 2423 ὄντοςίἀεηι
892 2375 909 2422 Η
951 2379 990 2409 21
1023 2378 1189 2410 similiter
1217 2378 1365 2410 Colotes
1393 2377 1579 2410 Plutarchi
1605 2378 1687 2412 adu.

272 2435 350 2469 Col.
380 2434 423 2470 18
451 2447 484 2479 p.
508 2435 618 2470 1117ιι
650 2439 732 2478 πῶς
759 2436 831 2479 γὰρ
859 2437 928 2471 οὐκ
953 2436 1133 2477 ἀλαζόνες
1159 2437 1194 2470 οἰ
1222 2436 1448 2481 Σωκράτους
1474 2437 1590 2479 λόγοι,
1618 2446 1686 2479 μη-

273 2495 337 2530 δὲν
369 2495 488 2530 αὐτοῦ
520 2494 659 2530 εἰδέναι
692 2495 911 2538 φάσκοντος
945 2495 1037 2530 ἀλλὰ
1071 2496 1273 2537 μανθάνειν
1305 2496 1362 2531 ἀεὶ
1396 2497 1455 2530 καὶ
1488 2497 1615 2539 ζητεῖν
1640 2495 1686 2530 τὸ

274 2554 426 2598 ἀληθές
467 2555 572 2587 etiam
604 2556 700 2587 Zeno
734 2554 940 2588 Philodemi
975 2556 1144 2596 magister
1178 2556 1360 2588 Socratem
1392 2555 1538 2589 ‘Latino
1573 2555 1686 2588 uerbo

272 2618 375 2647 utens
402 2625 556 2648 scurram
582 2615 744 2647 Atticum
771 2615 881 2647 fuisse
910 2615 1071 2647 dicebat'
1097 2619 1188 2647 teste
1216 2615 1390 2647 Cicerone
1416 2615 1461 2646 de
1489 2620 1558 2648 nat.
1586 2614 1685 2647 deor.

269 2679 285 2706 1
303 2673 363 2712 34.
380 2673 436 2707 93.
462 2674 507 2706 cf.
526 2684 632 2717 supra
649 2685 683 2717 p.
702 2673 780 2712 169,
795 2674 841 2708 23
883 2672 899 2717 Η
941 2674 985 2707 23
1014 2675 1056 2707 cf.
1084 2675 1124 2707 E.
1144 2674 1279 2707 Rohde
1306 2674 1343 2707 in
1370 2675 1458 2706 actis
1485 2678 1685 2706 conuentus

270 2732 540 2775 philologorum
557 2733 739 2765 Treuerici
757 2744 787 2766 a.
806 2732 898 2767 1879
917 2743 950 2775 p.
968 2733 1012 2766 75
1027 2743 1080 2776 sq.
1099 2738 1134 2765 et
1152 2734 1187 2766 in
1206 2733 1236 2765 F
1237 2733 1435 2766 leckeiseni
1453 2733 1573 2765 annali
1593 2731 1682 2767 1881

272 2801 306 2835 p.
323 2790 388 2825 741
406 2801 483 2835 sqq.
511 2792 558 2824 H.
580 2792 681 2824 Diels
707 2792 745 2824 in
772 2792 861 2824 actis
887 2802 990 2825 conu.
1016 2791 1226 2824 Sedinensis
1254 2802 1283 2824 a.
1307 2792 1397 2826 1880
1424 2802 1458 2834 p.
1477 2791 1522 2826 97
