1842 3250
183 368 208 386 C.

180 1525 206 1542 C.

228 360 258 385 11

226 1517 258 1543 12

285 237 355 272 266
784 239 988 272 EPICVRI
1014 238 1203 271 ETHICA
1561 239 1601 273 fr.
1630 238 1699 272 397

333 352 438 383 Nunc
457 357 573 384 autem
593 352 792 395 explicabo,
819 353 987 394 uoluptas
1015 363 1092 393 ipsa
1110 363 1199 395 quae
1218 353 1406 396 qualisque
1434 354 1479 386 sit
1505 380 1512 387 .
1529 380 1537 388 .
1551 380 1559 388 .
1575 378 1583 387 .
1626 364 1698 387 non

286 415 380 447 enim
412 415 501 447 hanc
538 416 651 448 solam
684 416 875 458 sequimur,
915 426 1005 459 quae
1038 417 1212 448 suauitate
1247 417 1367 460 aliqua
1397 423 1556 460 naturam
1583 418 1697 461 ipsam

284 484 405 511 mouet
431 484 466 510 et
492 489 569 511 cum
594 480 813 512 iucunditate
832 480 982 523 quadam
1000 481 1195 523 percipitur
1219 481 1398 519 sensibuS,
1423 482 1487 513 sed
1514 482 1698 514 maximam

285 543 506 586 uoluptatem
541 543 640 575 illam
671 544 856 582 habemus,
895 554 985 587 quae
1017 544 1212 587 percipitur
1238 545 1333 577 omni
1368 545 1495 577 dolore
1530 546 1700 580 detracto.

285 617 364 639 nam
393 608 573 649 quoniam,
613 618 690 640 cum
723 608 903 651 priuamur
934 607 1072 646 dolore,
1112 609 1191 651 ipsa
1223 608 1437 641 liberatione
1464 616 1497 642 et
1522 612 1700 644 uacuitate

286 671 400 702 omnis
426 671 614 703 molestiae
641 672 849 712 gaudemus
878 682 982 703 omne
1009 677 1124 704 autem
1151 672 1187 704 id
1214 683 1285 715 quo
1311 673 1506 714 gaudemus
1532 674 1699 717 uoluptas

285 740 351 772 est,
389 740 427 767 ut
455 745 557 767 omne
590 746 660 778 quo
694 735 908 768 offendimur
942 736 1059 774 dolor,
1098 736 1237 768 doloris
1270 736 1385 769 omnis
1418 738 1571 780 priuatio
1604 744 1700 772 recte

286 799 465 832 nominata
495 805 548 831 est
575 799 755 842 uoluptas.
807 804 843 831 ut
872 800 976 838 enim,
1011 809 1088 832 cum
1120 800 1203 832 cibo
1231 805 1264 832 et
1291 801 1438 844 potione
1473 801 1583 834 fames
1609 803 1701 835 sitis-

285 875 354 907 que
381 864 531 906 depulsa
559 869 622 902 est,
664 864 741 907 ipsa
773 865 949 897 detractio
975 864 1162 896 molestiae
1197 866 1488 898 consecutionem
1514 866 1615 899 affert
1639 878 1701 899 uo-

285 929 443 972 luptatis,
484 929 534 961 sic
559 929 595 961 in
624 929 719 961 omni
746 939 782 960 re
811 928 949 961 doloris
977 929 1108 961 amotio
1136 930 1400 962 successionem
1435 930 1542 963 efficit
1573 931 1700 975 uolup—

286 994 378 1026 tatis.
406 993 526 1036 itaque
545 1004 615 1025 non
634 993 771 1036 placuit
789 993 946 1036 Epicuro
965 993 1121 1025 medium
1141 1003 1220 1026 esse
1239 994 1410 1037 quiddam
1430 994 1520 1027 inter
1538 994 1701 1027 dolorem

286 1063 321 1090 et
338 1057 570 1101 uoluptatem.
597 1057 689 1089 illud
717 1058 810 1090 enim
834 1058 951 1101 ipsum
969 1058 1067 1100 quod
1086 1058 1300 1100 quibusdam
1326 1059 1482 1090 medium
1506 1060 1699 1098 uideretur,

286 1132 365 1154 cum
395 1123 489 1154 omni
517 1122 643 1153 dolore
670 1128 816 1159 careret,
843 1132 915 1154 non
940 1122 1049 1154 modo
1077 1122 1298 1164 uoluptatem
1325 1132 1415 1161 esse,
1445 1133 1568 1155 uerum
1596 1124 1700 1156 etiam

285 1196 455 1219 summam
482 1187 714 1228 uoluptatem.
748 1187 911 1229 quisquis
939 1187 1032 1218 enim
1060 1187 1177 1224 sentit,
1206 1197 1309 1228 quem
1338 1187 1382 1218 ad
1408 1187 1552 1219 modum
1579 1187 1625 1219 sit
1651 1187 1699 1219 as-

285 1251 411 1289 fectus,
439 1262 518 1283 eum
545 1261 693 1283 necesse
720 1256 773 1283 est
800 1256 859 1282 aut
885 1251 923 1282 in
948 1251 1133 1293 uoluptate
1162 1261 1241 1282 esse
1269 1256 1327 1283 aut
1353 1251 1391 1282 in
1417 1251 1555 1283 dolore.
1584 1251 1698 1283 omnis

285 1320 400 1347 autem
430 1316 628 1358 priuatione
662 1315 800 1348 doloris
826 1321 927 1359 putat
951 1316 1128 1358 Epicurus
1161 1315 1341 1347 terminari
1375 1325 1546 1348 summam
1571 1316 1699 1358 uolup-

284 1384 401 1422 tatem,
436 1385 472 1412 ut
497 1387 624 1423 postea
650 1381 779 1412 uariari
805 1380 972 1423 uoluptas
1001 1380 1244 1422 distinguique
1271 1380 1397 1422 possit,
1430 1380 1551 1420 augeri
1579 1379 1700 1423 ampli-

283 1444 452 1486 ficarique
478 1455 549 1477 non
576 1445 688 1488 possit
694 1470 847 1479 ......

331 1508 537 1540 Extremum
564 1514 679 1540 autem
707 1519 787 1540 esse
812 1510 988 1541 bonorum
1013 1510 1235 1552 uoluptatem
1263 1520 1303 1541 ex
1330 1509 1399 1542 hoc
1427 1510 1597 1543 facillime
1623 1521 1699 1553 per-

285 1573 374 1616 spici
391 1578 522 1615 potest.
553 1575 808 1606 constituamus
835 1574 992 1616 aliquem
1014 1575 1151 1616 magnis
1177 1575 1297 1607 multis
1322 1576 1503 1618 perpetuis
1523 1575 1698 1607 fruentem

286 1642 320 1669 et
346 1638 462 1670 animo
490 1643 524 1670 et
552 1649 700 1681 corpore
727 1639 989 1682 uoluptatibus,
1027 1639 1129 1671 nullo
1157 1639 1284 1671 dolore
1310 1649 1375 1671 nec
1401 1640 1606 1682 inpediente
1633 1650 1698 1672 nec

284 1704 513 1746 inpendente,
553 1713 658 1746 quem
689 1704 833 1736 tandem
859 1703 929 1736 hoc
959 1709 1050 1736 statu
1074 1704 1385 1747 praestabiliorem
1419 1709 1478 1736 aut
1503 1703 1615 1744 magis
1642 1714 1698 1736 ex-

283 1768 476 1810 petendum
501 1768 680 1810 possimus
714 1767 855 1800 dicere?
905 1769 1025 1800 inesse
1053 1769 1145 1800 enim
1171 1778 1319 1800 necesse
1351 1773 1404 1800 est
1430 1768 1467 1799 in
1494 1778 1536 1799 eo
1563 1768 1625 1811 qui
1649 1768 1699 1800 ita

284 1832 331 1864 sit
357 1832 518 1864 adfectus
549 1837 582 1863 et
608 1832 808 1864 firmitatem
837 1832 942 1865 animi
974 1842 1039 1865 nec
1070 1838 1218 1865 mortem
1245 1842 1310 1864 nec
1338 1832 1502 1865 dolorem
1528 1832 1698 1870 timentis,

285 1897 382 1939 quod
408 1907 503 1929 mors
531 1907 638 1928 sensu
664 1901 791 1934 careat,
830 1895 937 1928 dolor
961 1896 998 1928 in
1024 1896 1286 1938 longinquitate
1320 1896 1425 1934 leuis,
1464 1896 1501 1928 in
1526 1896 1699 1937 grauitate

285 1962 406 1994 breuis
439 1962 554 1994 soleat
590 1971 680 2000 esse,
720 1966 758 1993 ut
792 1961 867 1993 eius
901 1961 1180 2003 magnitudinem
1215 1961 1392 1999 celeritas,
1432 1961 1699 1993 diuturnitatem

285 2026 455 2058 alleuatio
488 2025 704 2058 consoletur.
757 2025 801 2057 ad
828 2035 869 2057 ea
898 2035 976 2056 cum
1009 2025 1146 2057 accedit
1173 2030 1212 2057 ut
1237 2035 1354 2066 neque
1381 2025 1543 2057 diuinum
1569 2034 1699 2057 numen

284 2090 428 2122 horreat
449 2100 514 2122 nec
534 2090 742 2132 praeteritas
769 2090 974 2132 uoluptates
1003 2089 1148 2122 effluere
1166 2089 1319 2132 patiatur
1346 2099 1537 2132 earumque
1557 2088 1700 2121 assidua

285 2155 531 2187 recordatione
559 2155 721 2193 laetetur,
747 2154 833 2197 quid
861 2160 913 2187 est
941 2155 1038 2197 quod
1064 2154 1135 2186 huc
1158 2155 1285 2200 possit,
1313 2165 1384 2197 quo
1411 2153 1540 2186 melius
1567 2153 1622 2193 sit,
1646 2163 1700 2185 ac-

285 2219 436 2251 cedere?
480 2225 594 2252 statue
628 2224 750 2252 contra
783 2220 938 2263 aliquem
971 2219 1173 2251 confectum
1201 2220 1307 2251 tantis
1334 2219 1440 2251 animi
1467 2219 1699 2261 corporisque

285 2283 486 2321 doloribus,
525 2284 649 2326 quanti
682 2285 718 2317 in
751 2284 932 2317 hominem
964 2283 1106 2316 maximi
1140 2284 1267 2316 cadere
1303 2288 1465 2326 possunt,
1504 2282 1604 2315 nulla
1636 2293 1699 2326 spe

284 2350 471 2392 proposita
508 2349 582 2381 fore
620 2349 736 2381 leuius
775 2348 981 2391 aliquando,
1025 2349 1125 2380 nulla
1156 2354 1340 2391 praeterea
1373 2358 1489 2390 neque
1520 2347 1700 2390 praesenti

284 2423 349 2444 nec
383 2419 585 2455 exspectata
616 2413 813 2456 uoluptate,
853 2413 940 2455 quid
973 2422 1015 2444 eo
1048 2413 1211 2444 miserius
1245 2412 1317 2443 dici
1351 2416 1409 2444 aut
1441 2411 1527 2452 fingi
1557 2410 1701 2454 potest?

285 2476 382 2519 quod
410 2477 440 2508 si
470 2476 544 2509 uita
570 2476 760 2508 doloribus
786 2476 914 2508 referta
945 2475 1094 2507 maxime
1121 2475 1292 2516 fugienda
1320 2479 1384 2513 est,
1424 2485 1596 2508 summum
1623 2486 1700 2519 pro·

409 2592 447 2625 11
480 2592 523 2624 cf.
544 2592 584 2624 fr.
603 2592 673 2625 420
690 2603 740 2635 sq.
782 2592 786 2633 i
827 2591 869 2624 12
898 2593 1047 2623 uidetur
1065 2591 1167 2622 libri:
1195 2601 1282 2623 corr.
1304 2591 1522 2631 Maduigius.
1552 2590 1700 2622 eandem

287 2652 495 2683 sententiam
522 2652 622 2682 nouit
649 2658 682 2682 et
709 2656 892 2693 oppugnat
918 2650 1022 2682 Plato
1048 2649 1195 2682 Philebi
1222 2660 1255 2692 p.
1275 2649 1450 2682 430—44’2
1489 2652 1493 2688 Ι
1537 2649 1577 2681 15
1606 2651 1704 2680 omni

286 2709 391 2743 libri:
422 2721 486 2742 em.
506 2710 681 2742 Mor-elius
728 2710 734 2751 1
781 2709 826 2742 25
847 2720 899 2751 sq.
927 2709 972 2742 cs.
990 2709 1058 2751 Ep.
1079 2714 1166 2741 sent.
1186 2716 1225 2740 lv
1270 2708 1275 2751 Ι
1322 2708 1367 2741 29
1395 2719 1464 2751 quo
1483 2708 1699 2740 Muellerus:

286 2770 383 2812 quod
406 2768 490 2800 Hbd
674 2766 677 2768 v

1722 357 1785 391 (37)

1725 940 1759 966 ιο

1724 1002 1786 1034 (38)

1725 1259 1757 1284 15

1722 1517 1784 1547 (40)

1723 1581 1757 1606 2⁰

1722 1900 1756 1926 25

1724 2029 1787 2062 (⁴1)

1725 2225 1758 2251 80
