1846 3288
561 220 628 251 DE
655 219 858 251 EPICVRI
885 219 1051 251 LIBRIS
1323 218 1521 251 XXXVII

102 337 306 387 Epicurus
335 348 428 375 cum
449 337 501 375 ab
535 336 592 373 eis
626 338 798 387 sumpsit
825 336 1101 385 scriptoribus,
1134 347 1304 385 quorum
1326 333 1434 372 libris
1457 345 1521 373 ca·

106 417 256 456 remus,
295 404 423 442 ueluti
460 403 741 454 Nausiphane,
788 411 872 441 tum
910 405 997 454 ipse
1028 403 1193 441 inuenit.
1254 403 1520 440 condendum

105 472 225 522 igitur
254 478 342 509 erat
368 472 625 520 glossarium,
659 483 740 520 quo
766 473 985 510 uerborum
1007 483 1105 508 usus
1127 482 1250 520 quam
1273 471 1358 508 fieri
1379 475 1523 519 posset

102 539 339 590 plenissime
362 544 688 588 componeretur,
724 544 767 576 ut
800 539 878 576 loci
911 538 1120 578 coniuncti
1147 538 1248 576 alius
1274 538 1398 575 alium
1420 537 1522 575 inlu-

104 612 303 652 strarent3
333 606 564 643 adferenda
597 613 683 642 erat
705 606 872 643 aliorum
902 606 1026 643 dictio
1051 617 1142 643 cum
1164 612 1416 643 sectatorum
1439 611 1525 642 tum

107 674 436 712 aduersariorum
467 679 553 710 turn
585 673 728 710 similia
760 673 1051 722 professorum.
1104 674 1208 710 inter
1239 686 1343 723 quos
1376 673 1524 710 Sextus

107 741 325 791 empiricus
355 752 439 778 non
462 746 574 778 caret
604 740 792 779 utilitate.
840 753 1021 790 namque
1054 752 1159 777 unus
1191 740 1380 785 estibus,
1412 741 1522 778 unde

106 809 224 846 simul
267 815 307 846 et
339 808 502 858 Epicuri
540 808 741 865 canonice
774 815 813 845 et
857 809 1108 846 medicorum
1154 809 1324 858 empiria
1356 814 1398 845 et
1428 807 1522 857 Pyr-

105 875 244 913 rhonis
275 875 478 913 dubitatio
509 875 636 922 fluxit,
674 875 962 913 Abderitarum
991 876 1057 912 uel
1081 875 1440 913 Democriteorum
1464 875 1523 912 di—

105 943 289 993 sciplina.
321 943 503 992 denique
523 954 609 979 non
631 942 890 992 neglegenda
912 949 1000 980 erat
1018 943 1238 980 uerborum
1262 943 1373 993 apud
1396 942 1524 992 scrip·

107 1016 219 1048 tores
251 1010 421 1049 Latinos
453 1010 693 1048 Lucretium
724 1017 766 1047 et
797 1010 1038 1048 Ciceronem
1070 1011 1366 1060 interpretatio,
1417 1011 1523 1048 hanc

106 1089 342 1116 aerumnam
375 1079 489 1127 quod
522 1078 818 1115 exanclandam
841 1078 938 1115 mihi
967 1079 1173 1122 uidebam,
1198 1091 1281 1115 non
1313 1078 1369 1115 ita
1400 1090 1524 1127 aegre

107 1145 190 1183 tuli.
249 1145 366 1182 nimis
401 1145 509 1182 enim
540 1156 663 1194 quam
696 1145 816 1182 dulce
850 1152 913 1182 est
944 1157 1091 1195 sapere
1124 1158 1215 1183 cum
1248 1145 1426 1183 saeculo.
1465 1151 1525 1182 at-

107 1225 186 1262 que
223 1211 329 1250 haee
368 1224 434 1250 me
473 1213 649 1250 maxime
689 1224 783 1261 spes
824 1213 1018 1262 erigebat,
1059 1226 1141 1250 non
1180 1213 1312 1251 solum
1345 1213 1525 1262 Epicuro

106 1280 257 1318 rectius
290 1280 575 1329 intellegendo
609 1280 871 1330 sermonique
891 1293 1039 1330 graeco
1070 1281 1356 1329 pernoscendo
1386 1280 1527 1318 utilem

107 1359 276 1398 operam
306 1360 441 1385 meam
473 1348 633 1398 qualem
660 1359 850 1397 cumque,
882 1350 959 1384 sed
991 1349 1114 1385 etiam
1146 1348 1375 1385 reficiendis
1408 1348 1527 1385 uolu-

107 1415 284 1453 minibus
330 1415 707 1453 Herculanensibus
745 1416 996 1464 praesidium
1037 1421 1197 1452 tantum
1228 1428 1309 1453 non
1340 1427 1529 1453 necessa·

109 1484 211 1521 rium
243 1483 342 1523 fore.

222 1551 283 1588 Ex
331 1551 393 1588 his
434 1550 579 1588 libellis
611 1552 778 1601 primus,
819 1552 1046 1600 epistula
1090 1552 1151 1588 ad
1196 1552 1527 1596 Herodotum,

111 1619 276 1668 Epicuri
307 1619 360 1656 de
397 1631 531 1656 rerum
568 1625 715 1657 natura
746 1619 960 1657 doctrinae
999 1620 1089 1657 fons
1121 1620 1431 1668 sincerissimus,
1475 1621 1528 1657 ab

109 1687 220 1725 omni
251 1687 485 1736 suspicione
513 1687 636 1737 longe
662 1694 842 1724 remotus
876 1693 952 1726 est.
1013 1687 1176 1738 reliquis
1209 1694 1249 1724 ut
1283 1687 1457 1726 fidenter
1487 1694 1530 1725 et

111 1760 223 1792 recte
271 1754 329 1791 uti
374 1754 594 1803 possimus,
635 1766 719 1792 non
765 1755 900 1792 nullae
933 1755 1215 1792 dubitationes
1246 1755 1529 1804 disputatione

111 1827 250 1860 nostra
281 1822 399 1860 simul
431 1827 472 1859 et
502 1823 740 1859 mouendae
772 1828 815 1859 et
846 1823 1128 1859 remouendae
1163 1828 1296 1860 erunt.

224 1889 290 1927 De
321 1890 550 1928 secunda
580 1891 640 1928 ad
673 1889 961 1940 Pythoclem
992 1890 1225 1939 epistula
1257 1890 1439 1939 lepidum
1461 1901 1531 1928 ex-

111 1963 171 1996 tat
189 1957 426 1995 Schneideri
448 1957 624 1995 Saxonis
655 1958 864 2002 iudicium,
896 1950 1047 1995 ‘multo
1078 1958 1373 2006 elegantiorem
1404 1959 1531 2007 scrip-

110 2031 244 2064 turam
280 2031 405 2074 atque
443 2025 610 2075 ingenio
651 2025 819 2074 Epicuri
858 2026 1087 2074 digniorem
1117 2016 1251 2062 illam¹
1280 2022 1418 2074 (quam
1450 2026 1531 2074 pri-

110 2090 236 2143 mam)
265 2104 359 2130 esse
392 2093 458 2129 uel
489 2098 726 2142 propterea,
756 2093 872 2141 quod
894 2094 949 2130 ad
972 2093 1282 2129 adulescentem
1312 2092 1532 2142 pulcherri-

111 2172 223 2198 mum
252 2160 421 2210 pulchra
441 2161 587 2198 danda
607 2160 747 2205 fuerit;
778 2157 789 2170 ‘
803 2160 932 2197 fuisse
953 2161 1062 2197 enim
1084 2160 1304 2209 Epicurum
1336 2160 1532 2198 acerrimo

110 2227 425 2277 pulchritudinis
455 2238 580 2265 sensu
610 2228 651 2264 in
683 2240 785 2265 sexu
818 2233 995 2277 utroque
1015 2228 1250 2276 praeditum
1280 2234 1323 2264 et
1355 2228 1409 2265 ad
1441 2228 1533 2265 scri·

109 2296 295 2333 bendum
315 2295 551 2344 instigatum
567 2286 595 2333 ’.
641 2302 686 2333 at
715 2308 767 2333 ea
797 2295 961 2345 scriptio
985 2308 1071 2333 non
1102 2296 1236 2332 solum
1266 2295 1436 2344 indigna
1469 2301 1535 2333 est

111 2363 294 2412 Epicuro
325 2363 402 2401 sed
436 2375 545 2412 quae
574 2375 629 2401 ne
659 2364 843 2412 potuerit
873 2364 1043 2413 quidem
1077 2364 1129 2401 ab
1161 2375 1213 2401 eo
1243 2363 1375 2402 scribi.
1420 2364 1535 2413 quod

112 2431 147 2467 si
167 2430 257 2479 quis
279 2431 344 2468 uel
375 2431 574 2480 epistulae
605 2431 763 2480 primae
792 2431 859 2468 uel
887 2431 1141 2468 uoluminum
1159 2430 1534 2469 Herculanensium

112 2498 291 2535 lectione
323 2499 489 2536 inbutus
511 2499 645 2544 fuerit,
676 2499 804 2537 semel
825 2499 1064 2536 admonitus
1091 2498 1285 2536 facillime
1305 2499 1532 2547 intelleget.

114 2577 200 2603 una
226 2572 392 2614 poterat
418 2566 659 2604 obseruatio
690 2565 893 2603 sufficere.
950 2565 1102 2603 nullum
1132 2566 1174 2602 in
1205 2566 1381 2615 epistula
1403 2566 1535 2616 prima

115 2638 189 2669 aut
217 2634 478 2670 enuntiatum
509 2639 573 2670 est
607 2640 679 2671 aut
708 2640 833 2683 caput
864 2633 960 2682 quin
989 2639 1086 2682 apta
1117 2633 1412 2671 coniunctione
1443 2645 1533 2671 cum

116 2699 330 2749 superiore
358 2706 620 2749 conectatur;
654 2702 807 2750 quodsi
836 2702 890 2738 ad
921 2712 1077 2738 nouum
1110 2707 1232 2750 caput
1270 2700 1463 2738 transitus
1492 2700 1538 2737 fit

113 2777 197 2804 non
229 2766 318 2816 ipsa
352 2769 651 2807 sententiarum
681 2768 845 2806 ratione
874 2768 1157 2816 coniunctum,
1184 2780 1241 2806 ne
1270 2768 1329 2806 sic
1366 2767 1535 2816 quidem
