1842 3250
324 241 409 279 ⁷260
820 240 1026 272 EPICVRI
1051 241 1227 273 PHYSIC
1230 241 1262 272 A

337 354 404 387 τὸν
423 353 512 388 θεὸν
539 354 587 395 μὴ
615 354 736 394 λέγειν
758 354 845 387 θεὸν
873 354 965 396 μηδέ
992 354 1172 395 νομίζειν·
1201 353 1221 388 ὃ
1240 353 1426 397 πράττετε
1444 354 1547 395 ὑμεῖς
1565 353 1657 396 μήτε
1672 353 1746 388 Δία

336 418 530 460 γενέθλιον
550 418 643 460 μήτε
663 417 850 460 Δήμητρα
868 419 1110 461 θεσμοφόρον
1135 419 1229 452 εἶναι
1252 417 1344 460 μήτε
1362 417 1587 453 Ποσειδῶνα
1605 418 1746 460 φυτάλ-

337 493 421 524 μιον
453 483 652 524 ὁμολογεῖν
686 482 898 523 ἐθέλοντες·
943 482 1056 524 οὗτος
1082 484 1102 516 ὁ
1129 483 1316 525 χωρισμὸς
1343 484 1422 516 τῶν
1452 481 1651 524 ὀνομάτων
1678 493 1746 517 πο-

334 548 450 591 νηρός
475 547 555 582 ἐστι
581 548 640 581 καὶ
666 547 733 580 τὸν
761 546 840 588 βίον
864 546 1090 589 ἐμπίπλησιν
1118 545 1316 590 ὀλιγωρίας
1342 546 1456 581 ἀθέου
1481 547 1543 580 καὶ
1561 547 1745 590 θρασύτη-

333 623 409 654 τος,
438 613 530 646 ὅταν
557 612 624 652 τὰς
650 612 948 653 συνεζευγμένας
979 615 1058 652 τοῖς
1086 613 1184 652 θεοῖς
1212 610 1470 654 προσηγορίας
1496 610 1747 652 ἀποσπῶντες
1769 621 1785 646 5

334 677 586 719 συναναιρῆτε
614 675 744 716 θυσίας
772 674 959 718 μυστήρια
987 675 1139 716 πομπὰς
1166 675 1308 718 ἑορτάς.

333 742 532 774 Amunws
559 739 676 782 Epict.
705 739 844 770 dissert.
871 746 895 770 ιι
924 738 981 776 20,
1010 739 1055 771 32
1083 737 1297 780 εὐχάριστοί
1323 738 1357 778 γ’
1383 739 1578 781 ἄνθρωποι
1605 739 1665 772 καὶ
1691 737 1746 773 αἰ-

334 804 504 846 δήμονες,
547 802 625 847 <οἳ>
655 802 686 837 εἰ
713 803 829 845 μηδὲν
857 803 958 845 ἄλλο,
998 804 1080 837 καθ’
1106 803 1250 845 ἡμέραν
1277 803 1415 846 ἄρτους
1445 803 1636 844 ἐσθίοντες
1660 805 1745 838 τολ-

333 871 429 910 μῶσι
464 868 603 909 λέγειν,
643 867 700 901 ὅτι
737 868 805 901 οὐκ
843 867 998 908 οἴδαμεν
1033 868 1065 902 εἰ
1102 867 1180 901 ἔστι
1218 879 1272 909 τις
1308 867 1497 910 Δημήτηρ
1530 868 1552 910 ἢ
1588 867 1685 911 Κόρη
1721 868 1744 910 ἢ

330 932 536 967 Πλούτων’
562 932 625 966 ἵνα
644 932 693 974 μὴ
712 932 822 973 λέγω,
849 932 985 973 νυκτὸς
1011 933 1071 966 καὶ
1097 932 1238 975 ἡμέρας
1264 931 1522 973 ἀπολαύοντες
1547 933 1606 966 καὶ
1634 943 1744 974 μετα·
1771 941 1800 965 ιο

331 999 454 1039 βολῶν
479 1000 550 1031 τοῦ
577 998 686 1037 ἔτους
713 997 773 1030 καὶ
801 997 951 1039 ἄστρων
980 997 1038 1030 καὶ
1066 996 1258 1039 θαλάσσης
1285 998 1344 1030 καὶ
1371 999 1440 1038 γῆς
1465 997 1526 1031 καί
1550 998 1619 1039 τῆς
1642 998 1744 1041 παρὰ

331 1061 545 1105 ἀνθρώπων
576 1059 776 1103 συνεργίας
806 1060 869 1094 ὑπ’
897 1060 1054 1100 οὐδενὸς
1086 1061 1236 1094 τούτων
1269 1061 1358 1095 οὐδὲ
1393 1061 1489 1094 κατὰ
1515 1061 1637 1095 ποσὸν
1668 1061 1744 1095 ἑπι-

331 1126 572 1168 στρέφονται,
611 1125 704 1159 ἀλλὰ
739 1125 856 1166 μόνον
890 1124 1058 1166 ἐξεμέσαι
1089 1124 1134 1157 τὸ
1170 1125 1452 1168 προβλημάτων
1490 1126 1647 1167 Ζητοῡσι
1684 1127 1744 1160 καὶ

328 1190 397 1223 τὸν
424 1191 616 1232 στόμαχον
643 1189 903 1232 γυμνάσαντες
930 1189 1106 1223 ἀπελθεῖν
1133 1189 1173 1223 ἐν
1201 1188 1395 1233 βαλανείῳ.

248 1266 316 1300 393
449 1267 596 1299 AE'rlvs
626 1265 754 1308 (Plut.)
780 1273 793 1298 1
821 1265 842 1298 8
868 1276 902 1308 p.
924 1265 993 1298 307
1020 1266 1063 1297 D.
1092 1264 1186 1309 Περὶ
1213 1265 1445 1307 δαιμόνων
1472 1266 1543 1299 καὶ
1569 1265 1742 1309 ἡρώων.
1769 1277 1798 1302 ιε,

328 1356 336 1363 .
358 1357 364 1363 .
387 1357 392 1363 .
414 1357 420 1364 .
452 1329 669 1372 Ἐπίκουρος
696 1330 736 1363 δὲ
763 1329 876 1363 οὐδέν
906 1328 1056 1363 τούτων
1084 1328 1254 1372 ἐγκρίνει.

328 1394 496 1427 AT'ncvs
521 1394 671 1426 Eusebii
698 1404 819 1436 praep.
848 1404 901 1426 eu.
927 1401 984 1426 xv
1011 1393 1043 1432 5,
1068 1394 1109 1426 10
1135 1405 1168 1436 p.
1188 1394 1276 1427 800¹*
1301 1393 1485 1436 πρόνοιαν
1511 1393 1583 1437 γὰρ
1610 1395 1742 1436 ζητοῦ-

328 1469 394 1500 μεν
422 1459 508 1500 ἡμῖν
536 1458 806 1501 διαφέρουσαν,
840 1457 884 1500 ἧς
910 1458 955 1492 οὐ
983 1458 1134 1499 μέτεστι
1160 1461 1214 1501 τῷ
1241 1457 1354 1500 μήτε
1380 1457 1603 1499 δαίμονας
1630 1457 1742 1500 μήτε

327 1524 487 1566 ἥρωας
519 1522 638 1564 μήτε
674 1522 796 1563 ὅλως
830 1522 1178 1563 ἐπιδιαμένειν
1212 1522 1446 1556 δύνασθαι
1472 1522 1556 1563 τὰς
1583 1523 1742 1565 ψυχὰς

326 1587 644 1629 συγκεχωρηκότι.

222 1667 313 1700 394*
445 1662 701 1696 PLv‘rAncuvs
733 1663 778 1694 de
812 1663 954 1695 defectu
987 1663 1118 1696 oracul.
1148 1663 1191 1696 19
1217 1674 1251 1706 p.
1271 1663 1360 1696 4200
1403 1662 1666 1706 Ἐπικουρείων
1701 1662 1739 1698 δὲ

324 1728 559 1770 χλευασμοὺς
584 1728 644 1760 καί
670 1727 837 1768 γέλωτας
862 1728 906 1761 οὔ
931 1738 966 1761 τι
992 1728 1198 1770 φοβητέον,
1224 1726 1279 1769 οἷς
1303 1730 1470 1769 τολμῶσι
1496 1730 1654 1771 χρῆσθαι
1681 1728 1740 1763 καὶ

325 1779 421 1826 κατὰ
452 1793 520 1834 τῆς
553 1791 744 1834 προνοίας,
783 1793 926 1833 μῦθον
959 1791 1079 1833 αὐτὴν
1117 1791 1410 1832 ἀποκαλοῦντες.
1463 1793 1568 1834 ἡμεῖς
1596 1791 1636 1825 δὲ
1669 1791 1739 1834 τὴν

325 1857 497 1901 ἀπειρίαν
532 1859 651 1898 μῦθον
683 1855 779 1891 εἶναί
812 1867 947 1899 φαμεν,
990 1857 1029 1891 ἐν
1057 1856 1212 1899 κόσμοις
1239 1856 1440 1898 τοσούτοις
1468 1856 1610 1899 μηδένα
1637 1857 1738 1902 λόγῳ

325 1921 413 1966 θείῳ
441 1922 729 1964 κυβερνώμενον
757 1922 931 1963 ἔχουσαν,
959 1921 1052 1955 ἀλλὰ
1077 1921 1223 1962 πάντας
1251 1921 1291 1954 ἐκ
1321 1920 1565 1962 ταύτομάτου
1593 1921 1653 1955 καὶ
1679 1931 1738 1962 γε-
1762 1933 1796 1958 ⁶25

323 1987 485 2027 γονότας
511 1987 571 2020 καὶ
597 1986 904 2027 συνισταμένους.
937 1984 969 2020 εἰ
996 1986 1035 2019 δὲ
1065 1986 1134 2029 χρὴ
1161 1987 1274 2026 γελᾶν
1303 1986 1342 2020 ἐν
1369 1984 1588 2030 φιλοσοφίᾳ,
1616 1986 1663 2020 τὰ
1691 1986 1738 2021 εἶ-

323 2052 425 2085 δωλα
451 2051 657 2092 γελαστέον
682 2051 730 2085 τὰ
756 2051 868 2093 κωφὰ
895 2051 955 2084 καὶ
980 2051 1105 2093 τυφλὰ
1133 2051 1193 2084 καί
1219 2051 1358 2092 ἄψυχα,
1387 2050 1453 2093 (ἃ)
1473 2050 1738 2093 ποιμαίνουσιν

322 2116 508 2156 ἀπλέτους
536 2116 633 2149 ἑτῶν
659 2115 861 2158 περιόδους
887 2114 1163 2157 ἐπιφαινόμενα
1195 2115 1256 2148 καὶ
1285 2118 1586 2157 περινοστοῦντα
1612 2114 1737 2159 πάντῃ

321 2180 368 2213 τὰ
404 2180 470 2221 μὲν
505 2181 558 2214 ἔτι
593 2179 761 2221 ζώντων,
800 2179 847 2213 τὰ
884 2180 924 2213 δὲ
961 2179 1076 2213 πάλαι
1115 2179 1382 2213 κατακαέντων
1418 2179 1441 2221 ἢ
1477 2180 1537 2213 καὶ
1574 2187 1736 2214 κατασα-

320 2244 471 2278 πέντων
507 2244 759 2288 ἀπορρυέντα,
800 2243 988 2286 φλεδόνας
1023 2245 1083 2278 καὶ
1119 2243 1224 2284 σκιὰς
1263 2244 1437 2284 ἕλκοντες
1473 2243 1524 2285 εἰς
1558 2245 1736 2286 φυσιολο-
1761 2257 1794 2282 30

319 2308 415 2349 γίαν,
457 2309 502 2342 ἂν
531 2309 570 2342 δὲ
598 2312 652 2352 φῇ
679 2319 734 2350 τις
761 2309 853 2343 εἶναι
887 2308 1067 2350 δαίμονας
1094 2309 1139 2342 οὐ
1166 2309 1280 2351 φύσει
1309 2309 1426 2350 μόνον
1459 2308 1552 2343 ἀλλὰ
1583 2309 1644 2342 καὶ
1675 2309 1736 2343 λό-
1790 2356 1794 2358 Π

445 2418 486 2450 15
515 2418 558 2448 de
586 2418 821 2449 daemonibus
851 2417 1010 2450 cs.P1ut.
1039 2417 1084 2449 de
1112 2417 1183 2450 def.
1212 2428 1304 2449 orac.
1333 2417 1378 2450 20
1404 2429 1438 2459 p.
1459 2416 1548 2450 420⁶
1566 2415 1736 2460 (Bernay-

320 2477 393 2508 sius
418 2477 461 2508 ad
489 2477 670 2519 Theophr.
699 2477 743 2507 de
771 2477 902 2519 pietate
930 2487 963 2519 p.
987 2477 1069 2519 140)
1114 2475 1129 2518 ΙΙ
1172 2477 1217 2509 23
1247 2477 1289 2509 ef.
1319 2477 1359 2508 sr.
1380 2476 1450 2509 369
1488 2476 1493 2518 Ι
1533 2476 1578 2510 27
1603 2476 1626 2510 ἃ
1653 2487 1734 2510 ποι-

320 2535 516 2576 μαίνουσιν
545 2536 864 2578 XVyttenbachius:
900 2538 964 2568 ποῖ
991 2535 1169 2576 μένουσιν
1195 2536 1278 2567 libri
1341 2535 1346 2577 Ι
1410 2535 1456 2569 29
1477 2547 1527 2578 sq.
1557 2536 1599 2568 ef.
1628 2546 1735 2578 supra

318 2606 350 2637 p.
376 2596 453 2632 164,
472 2596 492 2628 9
542 2594 546 2636 1
594 2596 639 2627 30
667 2606 708 2627 an
737 2594 998 2637 ἀπορρέοντα.)
1045 2595 1050 2637 Ι
1098 2595 1139 2627 31
1169 2595 1213 2627 cf.
1241 2595 1384 2627 Cassius
1410 2598 1490 2635 τοῖς
1512 2595 1733 2637 Ἐπικούρου

316 2653 443 2694 λόγοις
470 2648 663 2695 χρώμενος
690 2664 743 2695 ap.
768 2655 861 2686 Plut.
891 2654 951 2686 uit.
979 2654 1080 2685 Bruti
1106 2653 1152 2685 37
1179 2652 1358 2694 δαίμονας
1386 2654 1416 2686 δ’
1445 2654 1524 2687 οὔτ’
1554 2654 1647 2688 εἶναι
1675 2664 1733 2686 πι-

316 2712 433 2745 Θανὸν
467 2712 546 2745 οὔτ’
579 2712 692 2753 ὄντας
725 2712 938 2754 ἀνθρώπων
972 2712 1068 2754 ἔχειν
1102 2712 1201 2753 εἶδος
1227 2712 1250 2754 ἢ
1278 2713 1413 2754 φωνὴν
1441 2713 1463 2754 ἢ
1492 2713 1648 2754 δύναμιν
1683 2711 1734 2752 εἰς

315 2771 413 2810 ἡμᾶς
438 2770 644 2809 ὸιήκουσαν
