1846 3288
285 255 371 288 LVI
840 251 1131 284 PRAEFATIO

287 384 385 420 quae
406 372 611 421 quisquam
643 372 683 406 in
716 371 786 406 illo
818 368 1064 405 contubernio
1094 370 1241 406 locutus
1273 373 1340 411 est,
1373 369 1489 405 unius
1518 368 1631 404 ductu
1662 372 1698 404 et

287 439 471 488 auspiciis
502 440 604 475 dicta
634 442 737 480 sunl,
771 436 845 474 nisi
877 436 985 473 illum
1017 436 1214 474 dilectum
1245 441 1287 473 et
1317 437 1446 485 ipsam
1477 435 1694 473 contuber-

287 506 341 544 nii
381 505 722 543 consuetudinem
763 516 870 554 quae
909 509 1008 541 tunc
1044 504 1218 542 maxime
1251 504 1306 540 ad
1335 514 1480 540 manus
1511 503 1549 539 ei
1579 507 1695 539 erant

289 573 495 610 uolumina
523 579 619 609 ante
652 572 795 609 oculos
826 568 1088 620 posuissent?
1121 570 1215 609 facit
1245 571 1326 608 huc
1357 571 1471 620 quod
1499 570 1609 607 idem
1625 569 1695 608 Se-

287 652 394 678 neca
426 640 438 686 (
442 653 480 689 p.
506 641 597 688 142,
622 637 663 687 1)
694 639 911 677 Idomenei
942 639 1148 688 scriptoris
1180 638 1388 687 ceteroqui
1428 637 1592 676 minime
1623 637 1696 675 ob-

289 708 394 746 scuri
426 719 577 744 nomen
608 706 764 745 iudicat
793 705 973 749 futurum
1003 705 1127 743 fuisse
1148 713 1192 743 ut
1215 705 1422 743 obliuione
1444 707 1695 754 obrueretur,

288 775 363 813 nisi
396 774 555 824 Epicuri
587 774 641 811 ad
673 785 767 811 eum
800 773 998 822 epistulae
1030 773 1183 811 nobiles
1216 778 1434 812 exstarent.
1473 773 1547 811 sed
1578 784 1693 821 argu-

288 848 428 880 menta
454 849 554 892 puto
587 846 751 891 praesto
775 853 880 892 esse,
903 841 1048 890 quibus
1078 841 1200 879 etiam
1232 846 1498 878 contumaces
1529 839 1696 878 conuin-

289 915 442 947 cantur.
487 910 540 946 ad
574 921 754 946 sororem
786 909 865 945 filio
897 916 1056 946 mortuo
1087 914 1287 947 maestam
1319 908 1581 946 Metrodorus
1613 907 1696 957 epi-

289 978 437 1015 stulam
460 977 777 1014 consolatoriam
809 977 1044 1026 scripserat;
1075 977 1168 1015 uide
1190 988 1272 1026 quo
1304 977 1430 1014 modo
1453 975 1697 1013 sententiam

287 1043 385 1081 inde
428 1050 632 1094 sumptam
667 1044 825 1082 Seneca
864 1050 1069 1094 proponat
1111 1056 1174 1094 ep.
1206 1045 1270 1091 99,
1306 1044 1380 1083 25:
1426 1040 1544 1080 ‘illud
1588 1041 1698 1079 nullo

289 1112 415 1149 modo
442 1111 585 1162 probo,
617 1112 731 1162 quod
762 1111 818 1150 ait
838 1111 1115 1163 Metrodorus,
1146 1123 1238 1149 esse
1269 1111 1446 1160 aliquam
1478 1115 1698 1160 cognatam

291 1179 474 1217 tristitiae
518 1179 785 1228 uoluptatem,
834 1179 940 1217 hanc
986 1190 1076 1217 esse
1121 1179 1369 1228 captandam
1412 1179 1450 1215 in
1498 1176 1699 1214 eiusmodi

291 1253 485 1297 tempore.
549 1248 638 1297 ipsa
679 1247 907 1285 Metrodori
950 1247 1077 1285 uerba
1118 1247 1354 1296 subscripsi:
1399 1242 1697 1295 Μητροδώρου

290 1313 534 1355 ἐπιστολῶν
554 1323 581 1351 α
602 1312 713 1364 πρὸς
739 1313 817 1363 τὴν
840 1311 1046 1364 ἀδελφήν.
1069 1312 1245 1355 Ἔστιν
1267 1311 1360 1364 γάρ
1469 1309 1650 1362 καιρόν
1669 1309 1697 1350 ¹.

290 1383 415 1420 sicine
447 1383 504 1420 ais
536 1383 714 1420 scribere
744 1382 941 1432 potuisse,
979 1383 1047 1433 qui
1078 1383 1258 1432 ipsarum
1286 1382 1513 1420 Metrodori
1544 1383 1694 1431 epistun

289 1450 417 1488 larum
462 1450 672 1488 uolumina
718 1448 938 1488 tractaret?
987 1463 1039 1488 an
1078 1456 1264 1500 apertum
1305 1456 1367 1488 est
1404 1450 1604 1488 Senecam
1648 1461 1698 1486 ex

289 1518 556 1568 gnomologio
594 1518 663 1555 illo
706 1531 787 1556 una
827 1530 919 1557 cum
952 1519 1097 1568 ecloga
1133 1519 1334 1556 rubricam
1371 1515 1581 1568 repetere?
1640 1518 1700 1554 in-

291 1587 401 1636 spice
432 1592 658 1624 extremam
690 1586 904 1636 epistulam
935 1593 1021 1626 XIV
1054 1589 1102 1624 17
1143 1599 1246 1623 nunc
1280 1587 1334 1623 ad
1360 1586 1598 1624 cotidianam
1628 1586 1700 1622 sti·

285 1660 373 1703 pem
410 1666 565 1691 manum
596 1655 797 1704 porrigis.
844 1666 966 1691 aurea
1008 1658 1041 1690 te
1076 1655 1174 1703 stipe
1205 1653 1370 1702 inplebo,
1401 1658 1437 1690 et
1471 1654 1563 1702 quia
1582 1652 1701 1705 facta

291 1727 345 1758 cst
374 1722 473 1758 auri
499 1721 649 1771 mentio,
682 1722 808 1770 accipe
839 1734 947 1771 quem
978 1723 1034 1758 ad
1059 1722 1206 1759 modum
1238 1734 1328 1759 usus
1348 1718 1590 1772 fructusque
1621 1721 1701 1757 ez‘us

292 1788 368 1826 tibi
394 1801 468 1826 esse
496 1789 659 1838 gratior
680 1790 834 1838 possit:
862 1781 924 1826 ‘Is
955 1790 1128 1826 maxime
1160 1789 1314 1826 diuitiis
1332 1787 1507 1839 fruitur
1535 1789 1609 1837 qus·
1633 1788 1702 1824 mi-

292 1857 392 1894 nime
423 1857 574 1894 ‹liuiliz‘s
603 1852 783 1906 indiget'.
839 1855 933 1900 Ede,
966 1857 1110 1906 inquis,
1142 1861 1346 1895 auctorem.
1405 1856 1448 1893 Vt
1463 1857 1563 1893 scias
1585 1868 1702 1905 quam

292 1924 456 1974 benigni
480 1925 611 1970 sz'rnus,
631 1925 876 1973 propositum
916 1930 973 1961 est
999 1925 1130 1961 aliena
1162 1925 1349 1962 laudare:
1399 1924 1610 1973 Epicuri
1636 1927 1704 1960 est

292 1998 376 2030 aut
395 1991 673 2030 Metrodori
699 1997 781 2030 aut
808 1994 1021 2029 alicuius
1047 2005 1106 2030 ex
1133 1993 1225 2030 illa
1257 1990 1479 2044 officina.
1519 1995 1561 2029 et
1591 1992 1707 2041 quid

294 2061 510 2097 interest
544 2061 653 2109 quis
693 2059 921 2098 dixerit?
959 2060 1180 2098 omnibus
1217 2055 1386 2099 dz‘xit’.
1445 2071 1590 2110 graece
1634 2059 1703 2096 illa

294 2127 499 2165 sententia
531 2127 679 2176 legitur
707 2127 749 2164 in
781 2127 956 2177 epistula
987 2128 1106 2165 tertia
1128 2128 1182 2164 ad
1201 2127 1470 2166 Menoeceum
1500 2139 1540 2176 p.
1560 2127 1625 2174 63,
1652 2127 1700 2165 19

294 2191 449 2243 ἥδιστα
490 2191 771 2244 πολυτελείας
812 2191 1113 2235 ἀπολαύουσιν
1144 2192 1183 2235 οἱ
1225 2192 1378 2244 ἥκιστα
1414 2191 1575 2244 ταύτης
1609 2191 1703 2234 δεό-

295 2273 424 2311 μενοι.
463 2274 545 2300 non
577 2269 688 2300 amat
711 2262 870 2300 Seneca
900 2263 1065 2301 inanem
1096 2263 1337 2301 eruditionis
1368 2262 1578 2312 gloriolam
1607 2273 1703 2311 cap-

295 2335 396 2373 tare,
427 2335 640 2379 tamquam
658 2329 892 2368 memoriter
925 2331 1059 2369 aliena
1086 2330 1245 2369 referat.
1291 2342 1390 2380 ergo
1421 2330 1626 2380 quoniam,
1658 2335 1704 2367 ut

294 2398 398 2435 solet
429 2397 469 2434 in
500 2397 772 2447 gnomologiis
794 2398 975 2447 euenire,
1009 2399 1166 2436 rubrica
1195 2411 1220 2435 a
1251 2397 1410 2435 librario
1441 2398 1704 2446 neglegenter

294 2465 448 2502 omissa
478 2470 576 2509 erat,
608 2465 821 2503 nesciebat
851 2466 1022 2513 Seneca,
1055 2467 1121 2504 cui
1152 2466 1398 2504 sententiam
1429 2465 1702 2503 adscriberet:

295 2532 452 2570 sciebat
484 2543 574 2570 eam
606 2532 723 2570 unius
758 2534 811 2571 de
841 2539 1032 2583 quattuor
1068 2533 1161 2572 uiris
1191 2534 1262 2572 illis
1292 2545 1395 2572 esse.
1458 2532 1522 2569 Ad
1555 2532 1703 2568 eadem

296 2600 501 2637 uolumina
534 2599 712 2637 conicias
744 2601 869 2638 etiam
895 2601 1083 2639 Tacitum
1116 2601 1206 2644 dial.
1240 2614 1274 2639 c.
1296 2603 1346 2640 31
1376 2605 1576 2650 spectare,
1610 2610 1702 2636 cum

295 2668 351 2705 ait
377 2663 451 2705 ‘ne
474 2668 637 2717 Epicuri
668 2668 835 2717 quidem
867 2674 908 2705 et
926 2667 1152 2706 Metrodori
1179 2669 1374 2706 honestas
1400 2668 1602 2718 quasdam
1636 2678 1701 2704 ex-

419 2803 435 2836 l
464 2803 695 2845 fragmentum
723 2802 892 2846 adscripsi
919 2802 1138 2835 emendatum
1161 2801 1195 2834 in
1223 2802 1303 2835 adn.
1330 2802 1375 2834 ad
1400 2813 1434 2845 p.
1456 2800 1536 2840 164,
1555 2801 1588 2835 6.
