1842 3250
182 734 252 767 507

184 876 253 910 508

280 225 351 258 314
776 224 982 256 EPICVRI
1009 225 1196 259 ETHICA

279 339 401 371 clare'’
418 339 534 382 inquit
551 338 618 371 “ac
637 339 755 383 palam
773 343 886 372 testor
903 339 994 371 hane
1021 340 1128 372 uitam
1155 350 1259 383 quam
1286 350 1353 382 ego
1382 341 1571 374 iucundam
1598 352 1689 374 uoco

279 414 350 435 non
378 403 454 435 sine
482 403 620 435 adiecta
646 404 775 435 uirtute
803 404 1010 445 contingere
1021 403 1050 437 ’'.

283 467 335 506 12,
355 467 376 500 3
411 466 490 499 ‘ille
523 467 657 499 effusus
687 468 725 500 in
758 468 965 511 uoluptates
999 468 1242 501 ructabundus
1272 478 1410 511 semper
1440 474 1542 512 atque
1570 470 1690 502 ebrius

277 531 362 574 quia
380 531 446 563 scit
473 541 510 562 se
537 542 614 564 cum
641 531 828 574 uoluptate
846 532 982 570 uiuere,
1009 533 1122 564 credit
1149 538 1184 564 et
1208 543 1287 565 cum
1312 534 1453 565 uirtute.
1482 533 1579 565 audit
1598 533 1690 566 enim

278 595 555 638 uoluptatem
582 596 780 638 separari
808 606 828 628 a
854 597 1019 628 uirtute
1047 606 1130 628 non
1157 607 1298 640 posse.
1343 597 1473 629 deinde
1498 597 1595 630 uitiis
1617 599 1690 630 suis

279 659 489 703 sapientiam
516 659 678 692 inscribit
703 665 738 692 et
765 660 1021 693 abscondenda
1047 660 1258 703 profitetur’.

402 733 543 769 CICERO
571 736 677 768 Tusc.
698 735 790 778 disp.
818 742 864 768 111
892 734 948 774 20,
969 735 1014 769 48
1047 735 1129 768 ‘ille
1156 747 1176 768 a
1199 736 1329 768 uirtute
1356 747 1528 770 summum
1557 737 1690 770 bonum

280 801 465 843 separauit.
517 804 551 831 at
578 799 699 832 laudat
726 810 834 842 saepe
861 801 1025 832 uirtutem
1036 800 1054 833 '.

398 873 547 908 SENECA
575 876 676 919 epist.
704 876 762 914 85,
784 874 827 908 18
861 875 1053 919 ‘Epicurus
1081 887 1223 919 quoque
1250 877 1393 916 iudicat,
1421 887 1498 909 cum
1525 877 1691 910 uirtutem

279 940 420 979 habeat,
447 941 590 973 beatum
618 950 708 978 esse,
737 942 801 972 sed
827 941 940 982 ipsam
967 941 1131 974 uirtutem
1160 952 1230 974 non
1258 942 1343 974 satis
1372 952 1451 975 esse
1482 942 1527 974 ad
1552 942 1691 974 beatam

280 1005 400 1047 uitam,
426 1006 509 1048 quia
533 1006 672 1037 beatam
699 1005 829 1038 efficiat
855 1006 1033 1049 uoluptas,
1071 1016 1161 1048 quae
1190 1017 1231 1038 ex
1259 1006 1387 1038 uirtute
1416 1012 1480 1047 est,
1517 1017 1588 1039 non
1615 1006 1693 1049 ipsa

279 1070 392 1102 uirtus
421 1095 428 1102 .
449 1094 456 1102 .
476 1096 484 1104 .
503 1095 510 1102 .
540 1070 633 1102 idem
660 1074 766 1111 negat
791 1080 958 1112 umquam
987 1072 1154 1103 uirtutem
1182 1081 1260 1103 esse
1289 1072 1366 1103 sine
1391 1070 1603 1114 uoluptate‘.

401 1143 580 1179 CLuMssNs
613 1145 718 1178 Alex.
747 1150 868 1180 strom.
896 1153 921 1178 11
946 1146 988 1180 21
1018 1157 1051 1189 p.
1073 1146 1152 1185 178,
1173 1146 1337 1189 5iSy1b.
1380 1145 1597 1189 Ἐπίκουρος
1625 1147 1692 1187 μὲν

280 1210 348 1244 οὖν
384 1210 444 1243 καὶ
478 1209 515 1243 οἱ
547 1210 771 1253 Κυρηναϊκοὶ
805 1211 850 1244 τὸ
884 1213 1039 1254 πρῶτον
1075 1210 1214 1245 οἰκεῖόν
1250 1219 1368 1252 φασιν
1403 1210 1548 1252 ἡδονὴν
1581 1211 1692 1244 εἶναι·

280 1276 413 1310 ἕνεκα
445 1275 529 1316 γὰρ
562 1274 734 1316 ἡδονῆς
768 1275 1081 1317 παρελθοῦσα,
1121 1273 1249 1317 φασίν,
1290 1274 1312 1316 ἡ
1349 1274 1487 1318 ἀρετὴ
1520 1273 1692 1315 ἡδονὴν

281 1338 535 1381 ἐνεποίησε.

401 1413 541 1448 ClcERO
562 1415 605 1447 de
626 1414 738 1448 diuin.
758 1422 769 1447 1
788 1414 846 1453 39,
862 1414 906 1448 87
933 1415 1125 1458 ‘Epicurus
1150 1442 1156 1448 .
1177 1441 1184 1447 .
1204 1442 1211 1448 .
1232 1440 1240 1449 .
1264 1415 1426 1447 nullam
1454 1419 1575 1447 censet
1601 1425 1692 1455 gra·

280 1481 432 1512 tuitam
461 1490 555 1511 esse
583 1475 819 1512 uirtutem'.

401 1554 542 1588 CicERO
569 1557 673 1587 Tusc.
702 1556 835 1598 disput.
862 1561 889 1587 V
916 1554 972 1593 26,
993 1554 1036 1588 73
1071 1555 1242 1598 ‘Epicuro
1277 1555 1338 1597 qui
1454 1554 1542 1586 haec
1574 1559 1695 1586 nostra

279 1620 430 1652 honesta
464 1620 577 1664 turpia
609 1621 761 1652 inrideat
795 1621 960 1662 dicatque
993 1630 1058 1652 nos
1086 1620 1122 1651 in
1148 1619 1299 1651 uocibus
1327 1624 1520 1662 occupatos
1548 1618 1694 1651 inanis

280 1696 411 1717 sonos
442 1686 660 1719 funderet

278 1750 366 1782 ibid.
398 1757 417 1782 V
446 1751 502 1793 41,
526 1751 592 1784 119
611 1751 650 1782 ‘ii
670 1750 891 1793 philosophi,
918 1761 1066 1792 quorum
1087 1760 1127 1782 ea
1146 1749 1321 1782 sententia
1340 1753 1404 1787 est,
1431 1753 1468 1780 ut
1495 1748 1604 1780 uirtus
1631 1758 1695 1790 per

280 1824 318 1845 se
345 1814 421 1856 ipsa
448 1815 535 1846 nihil
563 1815 682 1847 ualeat
709 1825 884 1858 omneque
913 1815 1011 1858 quod
1036 1815 1224 1847 honestum
1251 1825 1316 1846 nos
1345 1819 1379 1846 et
1405 1812 1588 1846 laudabile
1617 1822 1694 1845 csse

280 1879 442 1917 dicimus,
481 1879 517 1910 id
544 1879 598 1910 illi
625 1890 794 1912 cassum
821 1880 1024 1922 quiddam
1053 1886 1096 1910 et
1122 1879 1246 1911 inani
1276 1878 1399 1910 uocis
1435 1887 1544 1910 sono
1571 1877 1694 1909 deco-

280 1949 417 1975 ratum
445 1955 523 1976 esse
544 1944 675 1986 dicant,
695 1945 727 1976 ei
747 1949 863 1976 tamen
884 1955 1024 1987 semper
1043 1944 1185 1976 beatum
1206 1947 1351 1975 censent
1370 1952 1448 1974 esse
1469 1941 1664 1984 sapientem
1675 1941 1693 1973 ’.

279 2009 374 2042 idem
401 2009 445 2040 de
471 2009 600 2040 finibus
621 2016 650 2042 11
673 2008 726 2046 15,
746 2008 792 2041 48
818 2007 874 2050 (fr.
902 2007 946 2041 69
973 2019 1006 2051 p:
1039 2008 1115 2045 123,
1135 2008 1182 2050 3).
1221 2015 1250 2040 Π
1282 2006 1334 2045 16,
1354 2007 1396 2040 51
1434 2006 1529 2038 ‘cum
1558 2005 1694 2037 diceres

281 2073 431 2106 ciamare
449 2074 643 2116 Epicurum
662 2084 732 2105 non
751 2084 858 2115 posse
877 2073 1032 2105 iucunde
1052 2073 1124 2104 uiui
1152 2072 1219 2104 nisi
1250 2071 1401 2103 honeste
1430 2097 1437 2104 .
1459 2096 1465 2103 .
1487 2096 1493 2103 .
1520 2068 1624 2112 [sent.
1644 2068 1696 2113 v],

281 2141 318 2167 tu
341 2136 418 2178 ipse
446 2136 533 2168 mihi
560 2136 705 2177 gloriari
731 2137 920 2168 uidebare:
947 2140 1043 2167 tanta
1069 2135 1123 2167 uis
1150 2135 1263 2166 inerat
1289 2134 1324 2165 iu
1352 2134 1472 2165 uerbis
1493 2158 1610 2167 .....
1623 2161 1630 2176 ,
1659 2137 1698 2166 ut

282 2210 347 2231 nos
379 2201 520 2232 intuens
547 2201 648 2244 quasi
683 2201 911 2233 testificarere
940 2200 1079 2231 laudari
1112 2199 1333 2231 honestatem
1367 2205 1400 2230 et
1426 2199 1597 2231 iustitiam
1632 2199 1694 2230 ali-

282 2265 424 2307 quando
452 2265 496 2296 ab
516 2265 683 2307 Epicuro.
727 2275 832 2308 quam
859 2270 893 2296 te
924 2264 1074 2296 decebat
1101 2264 1144 2295 iis
1172 2264 1322 2295 uerbis
1350 2263 1400 2294 uti
1428 2288 1435 2295 .
1458 2288 1466 2295 .
1485 2289 1492 2295 .
1512 2288 1520 2296 .
1548 2262 1693 2293 istorum

283 2329 376 2360 enim
402 2329 637 2361 uerborum
664 2339 794 2365 amore,
827 2338 917 2371 quae
944 2339 1090 2371 perraro
1123 2327 1347 2371 appellantur
1375 2327 1419 2359 ab
1445 2327 1614 2369 Epicuro,
1645 2336 1696 2357 sa-

281 2394 436 2436 pientiae
470 2392 688 2425 fortitudinis
720 2393 877 2425 iustitiae
903 2393 1167 2434 temperantiae,
1201 2391 1514 2434 praestantissimis
1542 2390 1695 2431 ingeniis

282 2457 446 2492 homines
475 2467 512 2488 se
540 2457 585 2488 ad
612 2457 868 2500 philosophiae
896 2457 1052 2488 studium
1081 2454 1335 2487 contulerunt<

283 2522 377 2554 idem
403 2522 504 2556 Laeli
539 2521 597 2558 23,
617 2521 662 2555 86
696 2521 732 2552 ‘a
766 2522 887 2553 multis
922 2522 1034 2552 uirtus
1070 2521 1147 2563 ipsa
1175 2520 1412 2552 contemnitur
1439 2524 1472 2551 et
1499 2518 1694 2550 uenditatio

283 2587 457 2629 quaedam
484 2591 588 2628 atque
616 2585 807 2618 ostentatio
836 2596 915 2617 esse
943 2584 1097 2617 dicitur-³.

403 2695 425 2728 8
451 2693 645 2739 separauit]
672 2695 713 2728 fr.
732 2693 777 2728 69
820 2695 835 2737 Η
878 2696 923 2728 20
951 2696 993 2729 cs.
1021 2695 1154 2735 κενοὺς
1180 2694 1376 2736 φθόγγους
1401 2693 1559 2738 Epicuri,
1592 2703 1696 2726 uoces

285 2757 408 2787 inanis
436 2755 474 2786 fr.
496 2754 540 2788 69
570 2766 602 2797 p.
627 2754 705 2793 122,
725 2754 770 2787 26

1716 604 1732 630 ΕΗ

1719 949 1751 973 10

1720 1281 1751 1307 15

1718 1628 1752 1652 20

1719 1948 1751 1974 25

1720 2269 1754 2294 30
