1842 3250
240 272 308 308 186
692 275 802 307 EPIC
809 276 895 308 VRI
930 275 1191 308 CANONICA
1505 276 1546 311 ft.
1575 277 1647 311 252

234 389 384 432 ἀληθῶς
409 392 621 424 τυποῦσθαι
639 390 824 431 λέγοντες,
853 388 1232 433 προσαποφαίνεσθαι
1259 391 1299 425 δὲ
1327 391 1397 425 οὐκ
1424 391 1564 434 ἐῶντες
1588 392 1648 426 ὅτι

235 454 467 498 στρογγύλος
492 456 513 488 ὸ
539 453 682 497 πύργος
716 453 829 496 ἐστίν,
872 457 895 497 ἡ
924 454 963 489 δὲ
990 454 1100 497 κώπη
1132 454 1344 497 κέκλασται,
1383 456 1430 489 τὰ
1461 456 1566 498 πάθη
1593 456 1648 494 Ϊτὰ

234 519 364 554 αὐτῶν
395 519 455 553 καὶ
487 518 534 553 τὰ
563 518 818 561 φαντάσματα
852 520 1060 561 βεβαιοῦσι,
1099 519 1147 554 τὰ
1182 519 1213 553 δ’
1248 520 1355 560 ἐκτὸς
1389 521 1514 561 οὕτως
1547 521 1646 563 ἔχειν

232 584 434 624 ὁμολογεῖν
461 583 530 617 οὐκ
558 582 751 617 ἐθέλουσιν
779 609 786 616 .
808 610 814 617 .
836 610 843 617 .
865 611 871 617 .
897 584 942 617 τὸ
969 583 1039 626 γὰρ
1065 583 1223 618 εἴδωλον
1251 584 1316 626 ὑφ’
1337 584 1382 618 οῦ
1405 584 1595 619 πέπονθεν
1621 586 1644 627 ή

233 648 330 690 ὄψις,
359 647 615 688 κεκλασμένον
641 646 759 682 ἐστίν·
787 648 811 690 ἡ
838 648 949 691 κώπη
976 648 1027 690 δέ,
1055 647 1120 690 ἀφ’
1140 648 1184 690 ἧς
1207 649 1253 682 τὸ
1279 648 1447 692 εἴδωλον,
1476 649 1546 684 οὐκ
1567 649 1645 683 ἔστι

232 711 484 754 κεκλασμένη·
516 711 705 755 διαφορὰν
731 711 800 746 οὖν
826 714 896 746 τοῦ
923 712 1067 754 πάθους
1092 714 1186 757 πρὸς
1205 713 1249 747 τὸ
1268 712 1519 754 ὑποκείμενον
1537 713 1646 755 ἐκτὸς

233 777 398 819 ἔχοντος,
437 776 460 818 ἢ
488 777 612 818 μένειν
646 777 706 811 ἐπὶ
738 779 808 810 τοῦ
834 776 980 818 πάθους
1007 777 1061 811 δεῖ
1092 777 1162 820 τὴν
1189 776 1315 812 πίστιν
1342 778 1365 819 ἢ
1392 777 1438 812 τὸ
1465 779 1560 813 εἶναι
1589 780 1644 822 τῷ

234 840 434 883 φαίνεσθαι
461 842 877 884 προσαποφαινομένην
905 842 1130 884 ἐλέγχεσθαι,
1170 842 1215 876 τὸ
1244 842 1283 876 δὲ
1313 842 1359 884 δή
1387 844 1478 883 βοᾶν
1505 843 1644 884 αὐτοὺς

231 906 292 940 καὶ
325 905 551 946 ἀγανακτεῖν
586 906 681 949 ὑπὲρ
717 909 784 947 τῆς
818 905 1040 948 αἰσθήσεως,
1082 906 1177 951 (ὡς)
1213 907 1258 940 οὐ
1285 907 1437 948 λέγουσι
1465 907 1510 941 τὸ
1538 906 1645 948 ἐκτὸς

231 970 326 1004 εἶναι
353 971 504 1014 θερμόν,
533 970 626 1005 ἀλλὰ
651 970 697 1005 τὸ
724 971 763 1005 ἐν
790 971 888 1014 αὐτῇ
915 971 1035 1013 πάθος
1061 971 1259 1012 γεγονέναι
1285 974 1473 1013 τοιοῦτον,
1513 969 1570 1014 ἆρ’
1597 971 1643 1005 οὐ

229 1034 371 1069 ταύτόν
397 1035 478 1069 ἐστι
502 1037 558 1078 τῷ
583 1034 776 1079 λεγομένῳ
803 1036 886 1078 περὶ
913 1036 979 1077 τῆς
1004 1036 1181 1077 γεύσεως,
1209 1035 1267 1070 ὅτι
1294 1035 1338 1069 τὸ
1365 1035 1474 1076 ἐκτὸς
1499 1036 1545 1070 οὔ
1571 1045 1643 1078 φη-

231 1107 290 1133 σιν
324 1099 418 1133 εἶναι
449 1100 577 1140 γλυκύ,
618 1099 738 1140 πάθος
772 1100 812 1133 δέ
844 1110 879 1133 τι
912 1101 971 1133 καί
1007 1098 1143 1142 κίνημα
1175 1101 1260 1143 περὶ
1295 1100 1414 1142 αὐτὴν
1446 1100 1643 1141 γεγονέναι

231 1166 426 1203 τοιοῦτον;
468 1164 489 1197 ὁ
516 1164 557 1198 δὲ
584 1164 706 1203 λέγων
741 1163 1005 1207 ἀνθρωποειδῆ
1037 1164 1252 1207 φαντασίαν
1284 1163 1496 1206 λαμβάνειν,
1537 1163 1569 1199 εἰ
1602 1164 1644 1198 δὲ

231 1228 431 1271 ἄνθρωπός
463 1227 543 1262 ἐστι
576 1229 626 1270 μὴ
661 1227 904 1263 αἰσθάνεσθαι
941 1229 1059 1263 πόθεν
1095 1229 1226 1271 εἴληφε
1262 1230 1330 1270 τὰς
1366 1229 1558 1272 ἀφορμάς;
1599 1229 1643 1263 οὐ

228 1292 331 1336 παρὰ
357 1294 436 1326 τῶν
465 1292 658 1334 λεγόντων
685 1294 942 1334 καμπυλοειδῆ
969 1293 1183 1334 φαντασίαν
1203 1293 1415 1335 λαμβάνειν,
1444 1293 1534 1328 εἰδὲ
1554 1303 1642 1334 καμ·

230 1357 350 1391 πύλον
385 1357 464 1392 ἐστὶ
497 1358 546 1399 μὴ
576 1357 957 1400 προσαποφαίνεσθαι
984 1359 1054 1401 τὴν
1082 1359 1171 1401 ὄψιν
1197 1359 1282 1400 μηδ’
1311 1358 1369 1391 ὅτι
1396 1358 1642 1401 στρογγύλον,

230 1420 308 1454 ἀλλ’
344 1421 402 1455 ὅτι
434 1422 639 1464 φάντασμα
672 1424 754 1466 περὶ
793 1424 912 1465 αὐτὴν
949 1425 1008 1457 καὶ
1048 1424 1208 1464 τύπωμα
1242 1423 1552 1466 στρογγυλοειδὲς
1583 1423 1643 1463 γέ-

229 1493 335 1526 γονε;
363 1484 419 1527 Νὴ
448 1485 532 1528 Δία,
560 1486 673 1529 φήσει
700 1498 764 1528 τις,
794 1487 870 1521 ἀλλ’
897 1488 971 1529 ἐγὼ
999 1490 1052 1530 τῷ
1080 1488 1213 1531 πύργῳ
1240 1487 1464 1530 προσελθὼν
1490 1489 1550 1521 καὶ
1575 1490 1644 1529 τῆς

231 1550 363 1593 κώπης
387 1550 582 1593 ἁψάμενος
608 1551 878 1594 ἀποφανοῦμαι
906 1554 976 1593 τὴν
1005 1554 1072 1593 μὲν
1099 1553 1249 1587 εὐθεῖαν
1275 1553 1380 1588 εἶναι.
1413 1552 1481 1586 τὸν
1509 1551 1549 1586 δὲ
1575 1562 1643 1586 πο-

228 1614 417 1656 λύγωνον·
459 1616 600 1658 ἐκεῖνος
629 1617 669 1651 δὲ
695 1617 763 1650 κᾶν
792 1617 901 1659 ἐγγὺς
927 1618 1092 1660 γένηται,
1132 1617 1176 1651 τὸ
1205 1619 1328 1652 δοκεῖν
1355 1617 1415 1651 καί
1442 1616 1485 1650 τὸ
1513 1615 1641 1659 φαίνε-

227 1681 324 1721 σθαι,
358 1680 474 1713 πλέον
501 1679 540 1713 δὲ
570 1680 682 1713 οὐδέν
709 1680 947 1722 ομολογήσει.
992 1680 1061 1714 Ναὶ
1087 1680 1137 1721 μὰ
1163 1679 1238 1714 Δία
1264 1682 1334 1715 σοῡ
1360 1690 1403 1720 γε
1430 1681 1582 1721 μᾶλλον,
1610 1680 1640 1714 ὦ

227 1744 405 1786 βέλτιστε.
432 1744 476 1778 τὸ
505 1744 716 1779 ἀκόλουθον
741 1746 843 1788 ὁρῶν
870 1746 929 1779 καὶ
955 1745 1171 1788 φυλάττων,
1199 1745 1244 1778 τὸ
1271 1747 1396 1779 πᾶσαν
1426 1746 1519 1780 εἶναι
1546 1756 1641 1788 φαν-

226 1809 361 1844 τασίαν
389 1807 529 1851 ὁμοίως
555 1809 772 1844 ἀξιόπιστον
802 1811 896 1853 ὑπὲρ
925 1810 1072 1852 ἑαυτῆς,
1112 1811 1207 1853 ὑπὲρ
1234 1810 1349 1845 ἄλλου
1379 1811 1419 1844 δὲ
1446 1809 1640 1852 μηδεμίαν,

227 1874 304 1909 ἀλλ’
334 1875 390 1909 ἐπ’
414 1875 498 1917 ἴσης
525 1876 640 1917 ἔχειν·
687 1876 745 1909 σοὶ
771 1876 810 1909 δέ
839 1875 979 1917 οἴχεται
1019 1876 1063 1909 τὸ
1100 1876 1247 1917 πάσας
1279 1874 1501 1918 ὑπάρχειν
1534 1874 1640 1917 ἀλη-

226 1941 337 1980 θεῖς,
375 1940 569 1974 ἄπιστον
597 1940 641 1974 δὲ
671 1941 740 1973 καί
774 1941 923 1981 ψευδῆ
951 1939 1195 1982 μηδεμίαν,
1240 1939 1271 1974 εἰ
1297 1940 1452 1980 ταύταις
1478 1940 1545 1981 μὲν
1572 1939 1642 1974 οἴει

226 2003 303 2037 δεῖν
329 2003 710 2047 προσαποφαίνεσθαι
743 2005 826 2047 περὶ
859 2006 937 2038 τῶν
965 2005 1082 2046 ἐκτός,
1123 2004 1281 2046 ἐκείναις
1313 2004 1354 2038 δὲ
1387 2006 1457 2038 τοῦ
1483 2002 1640 2045 πάσχειν

226 2068 342 2102 πλέον
369 2069 481 2102 οὐδὲν
509 2068 712 2110 ἐπίστευες.
765 2068 796 2103 εἰ
823 2070 890 2110 μὲν
917 2070 988 2113 γὰρ
1015 2069 1073 2103 ἐπ’
1098 2068 1183 2111 ἴσης
1215 2069 1367 2111 ἔχουσιν
1394 2068 1506 2109 ἐγγὺς
1534 2068 1639 2110 γενό-

226 2143 333 2174 μεναι
357 2134 380 2175 ἢ
408 2133 554 2177 μακρὰν
581 2134 692 2168 οὖσαι
718 2135 812 2177 πρὸς
838 2133 976 2175 πίστιν,
1003 2135 1026 2175 ἢ
1053 2134 1190 2175 πάσαις
1218 2132 1361 2168 δίκαιόν
1381 2133 1483 2167 ἐστιν
1503 2133 1524 2175 ἢ
1545 2133 1639 2176 μηδὲ

224 2198 379 2239 ταύταις
413 2199 570 2233 ἕπεσθαι
603 2200 673 2242 τὴν
705 2199 1123 2242 προσαποφαινομένην
1155 2199 1202 2233 τὸ
1227 2200 1321 2233 εἶναι
1354 2197 1491 2242 κρίσιν·
1532 2197 1565 2233 εἰ
1597 2197 1639 2232 δὲ

224 2261 367 2303 γίνεται
401 2263 565 2306 διαφορὰ
596 2266 666 2297 τοῦ
700 2264 844 2305 πάθους
875 2263 1063 2298 ἀποστᾶσι
1096 2264 1156 2298 καί
1189 2263 1351 2304 ἐλθοῦσι,
1391 2262 1533 2305 ψεῦδός
1559 2261 1638 2297 ἐστι

225 2326 268 2360 τὸ
297 2327 408 2369 μήτε
432 2327 694 2370 φαντασίαν
721 2329 832 2371 μήτε
859 2329 1074 2371 αἴσθησιν
1101 2328 1262 2372 ἑτέραν
1282 2325 1486 2371 (ἑτέρας)-
1507 2326 1638 2371 ἑναρ·

223 2392 448 2435 γεστέραν
478 2393 712 2436 ὑπάρχειν.
752 2393 848 2428 καθά
874 2404 944 2437 περ
971 2394 1016 2435 ἃς
1040 2393 1216 2434 λέγουσιν
1244 2391 1638 2436 ἐπιμαρτυρήσεις

224 2457 284 2490 καί
317 2456 734 2500 ἀντιμαρτυρήσεις
767 2459 878 2493 οὐθέν
912 2457 981 2492 εἰσι
1008 2458 1102 2502 πρὸς
1128 2458 1197 2500 τὴν
1225 2458 1398 2500 αἴσθησιν
1426 2456 1518 2491 ἀλλὰ
1544 2456 1638 2499 πρὸς

342 2571 363 2604 2
397 2571 416 2605 ὁ
444 2570 602 2616 πύργος]
636 2573 679 2605 es.
707 2573 891 2605 Lucretius
920 2581 962 2606 lv
988 2574 1058 2607 353
1077 2584 1153 2616 sqq.
1181 2573 1246 2606 501
1270 2583 1322 2615 sq.
1371 2573 1498 2604 Sexms
1532 2581 1638 2614 supra

222 2639 255 2672 p.
276 2629 356 2668 180,
370 2629 417 2663 30
442 2631 591 2663 Tertun.
616 2631 693 2667 183,
717 2632 759 2664 10
798 2632 802 2671 ἰ
843 2631 864 2665 9
890 2632 941 2673 ὡς
959 2632 1111 2664 inseruit
1128 2631 1428 2675 XVyttenbachius
1468 2631 1473 2673 Ι
1515 2630 1558 2664 10
1576 2630 1636 2672 γέ-

221 2697 312 2729 γονε
329 2687 431 2721 libri:
460 2700 548 2722 corr.
568 2690 663 2721 idem
703 2691 708 2731 1
750 2691 791 2722 17
820 2690 911 2724 ἀλλά
930 2701 965 2724 τι
985 2691 1087 2723 libri:
1116 2701 1204 2723 corr.
1220 2690 1395 2723 Reiskius
1436 2690 1442 2730 1
1480 2688 1526 2723 26
1544 2690 1636 2722 inter

222 2746 263 2780 δὲ
290 2752 324 2778 et
347 2749 417 2781 τοῦ
444 2747 577 2780 hiatum
604 2748 822 2781 intercedere
852 2749 961 2790 qugo
990 2750 1167 2783 indicatur
1213 2751 1219 2791 Ι
1265 2750 1308 2783 31
1338 2748 1469 2790 ἑτέρας
1494 2747 1636 2791 supple-

221 2805 273 2839 uit
299 2804 510 2840 Meziriacus

1672 978 1703 1002 m

1671 1299 1701 1326 15

1665 1627 1699 1652 ‘20

1664 1950 1697 1976 25
