1846 3288
313 274 440 307 XLVI
871 273 1163 307 PRAEFATIO

313 391 479 428 uissima
510 400 701 440 quaeque
733 400 864 438 usque
895 399 1059 439 quaque
1087 389 1312 428 decantare
1334 388 1458 427 solito
1487 388 1603 428 aliter
1632 389 1728 427 alibi

313 469 532 508 expressae
548 453 563 481 ¹
593 464 651 497 111
669 471 719 488 =
737 462 874 506 xvm,
919 462 972 494 xl
988 460 1039 487 =
1055 460 1126 495 ΧΠ
1143 471 1195 487 =
1213 462 1317 507 xm,
1351 461 1418 495 xv
1435 470 1486 488 =
1502 462 1602 505 xxr,
1640 461 1729 495 xix

314 539 367 557 =
388 531 469 569 XX,
512 531 631 564 XXVI
657 538 706 556 =
732 528 846 571 XXX,
896 528 1035 562 XXVII
1058 536 1109 555 =
1134 529 1303 574 XXVIII,
1347 529 1467 562 XXXI
1487 537 1538 555 =
1556 528 1728 572 XXXIII,

312 599 555 633 mvn:
574 596 795 630 xxxvl11.-
831 589 1061 639 superiores
1092 590 1287 639 editores,
1318 590 1508 641 quotiens
1538 601 1645 641 quae
1675 590 1728 627 de

313 661 464 697 eadem
494 671 537 696 re
568 664 663 696 sunt
695 657 870 695 diuersis
902 657 999 695 locis
1022 657 1226 707 leguntur,
1255 659 1407 695 turbari
1426 658 1614 696 ordinem
1642 658 1730 707 opi-

313 728 401 765 nati
438 726 673 764 traiciendis
711 725 927 763 sententiis
965 735 1091 774 opem
1122 724 1336 763 serendam
1367 725 1551 776 scriptori
1590 724 1726 762 existi·

314 795 483 832 mabant
514 791 581 842 (cf.
612 792 706 831 adn.
741 793 808 843 77,
841 793 879 831 7.
919 788 1003 841 15),
1036 791 1202 829 minime
1231 792 1285 831 illi
1315 797 1554 830 constanter
1581 804 1635 829 eo
1665 803 1729 829 re-

314 862 454 900 medio
493 859 567 897 usi.
619 858 715 896 mihi
756 870 880 909 quem
918 858 1006 896 libri
1047 870 1182 909 aeque
1213 870 1355 897 omnes
1387 865 1589 898 testantur
1624 858 1728 897 ordo

315 927 594 966 restituendus
625 932 711 964 erat
738 937 876 976 neque
907 925 1188 964 oblitteranda
1214 927 1386 975 uestigia
1408 926 1584 976 originis.
1616 925 1729 963 unde

313 996 395 1034 iam
430 1000 531 1045 puto
568 993 832 1031 manifestum
875 993 977 1044 fore,
1019 1005 1100 1044 qua
1139 995 1299 1032 ratione
1339 1000 1381 1031 et
1421 994 1607 1032 delectus
1644 1003 1729 1030 non

313 1064 489 1101 idoneus
520 1068 563 1099 et
593 1061 698 1099 ordo
729 1072 948 1110 peruersus
979 1067 1022 1098 et
1053 1061 1189 1099 otiosa
1224 1062 1451 1099 eorundem
1485 1066 1727 1110 praecepto·

314 1142 403 1168 rum
433 1130 597 1167 iteratio
628 1128 744 1166 nasci
775 1130 997 1178 potuerint.
1041 1140 1137 1166 nam
1168 1134 1330 1179 praeter
1354 1134 1550 1178 quattuor
1580 1127 1729 1177 primas

314 1196 542 1235 sententias
573 1195 683 1233 hunc
716 1195 896 1233 libellum
927 1195 1200 1245 intellegimus
1223 1196 1395 1234 diuersis
1417 1195 1600 1245 magistri
1622 1194 1730 1232 libris

315 1264 513 1313 deinceps
555 1264 757 1312 excerptis
793 1263 1004 1312 paullatim
1043 1263 1309 1302 succreuisse.
1368 1273 1521 1312 magno
1566 1262 1607 1299 in
1651 1261 1730 1300 hac

314 1332 557 1382 quaestione
586 1336 798 1368 momento
829 1342 920 1368 esse
952 1330 1048 1368 mihi
1071 1330 1246 1379 uidetur,
1279 1330 1395 1380 quod
1425 1330 1550 1368 etiam
1579 1328 1729 1379 epistu-

314 1400 373 1437 las
411 1399 597 1437 adhiberi
631 1399 833 1439 uidemus
886 1398 1032 1436 saltem
1062 1409 1169 1447 quae
1205 1397 1246 1434 in
1282 1402 1384 1435 sent.
1414 1403 1514 1437 XXV
1544 1397 1732 1446 leguntur

317 1466 444 1504 uerba
475 1463 554 1505 οὐκ
586 1462 764 1505 ἔσονταί
794 1472 881 1505 σοι
914 1464 1007 1513 τοῖς
1039 1462 1187 1514 λόγοις
1217 1461 1258 1503 αἱ
1290 1462 1464 1513 πράξεις
1496 1460 1730 1503 ἀκόλουθοι

316 1534 544 1584 generatim
575 1533 658 1570 dici
689 1545 772 1570 non
812 1538 1047 1583 potuerunt,
1089 1533 1164 1570 sed
1196 1532 1437 1580 deriguntur
1467 1532 1522 1569 ad
1554 1531 1729 1569 amicum

318 1603 539 1652 quendam,
584 1601 652 1650 qui
688 1612 778 1638 cum
821 1600 943 1637 horto
979 1600 1209 1649 adscriptus
1245 1605 1365 1650 esset,
1406 1600 1446 1637 in
1477 1600 1596 1637 rebus
1627 1611 1730 1636 non-

316 1669 435 1706 nullis
465 1669 586 1705 finem
617 1667 727 1705 uitae
744 1667 972 1716 Epicureae
1002 1668 1251 1716 neglexerat.
1294 1667 1415 1704 etiam
1438 1672 1728 1715 sent.XXV111,

316 1737 390 1774 nisi
420 1736 543 1786 plane
575 1736 777 1783 caecutio,
808 1736 849 1771 in
881 1735 1173 1772 dissertatione
1203 1735 1399 1771 continua
1424 1746 1508 1770 non
1531 1733 1649 1771 facile
1670 1733 1729 1770 lo-

316 1816 411 1842 cum
431 1803 586 1847 habuit,
616 1802 818 1852 epistulae
835 1802 1137 1839 consolatoriae
1159 1802 1372 1851 aptissima
1398 1801 1472 1839 fuit
1492 1800 1562 1850 (cf.
1586 1812 1617 1840 S.
1632 1798 1730 1848 XL).

317 1882 423 1922 quae
455 1871 488 1907 si
520 1871 575 1908 ita
606 1877 715 1920 sunt,
747 1871 1072 1908 demonstratum
1097 1876 1160 1907 est
1181 1869 1255 1907 has
1283 1869 1507 1908 sententias
1528 1880 1612 1906 non
1635 1867 1729 1905 huic

318 1937 454 1976 libello
477 1938 707 1976 destinatas
740 1939 816 1975 sed
848 1938 928 1976 alio
959 1937 1142 1987 primitus
1175 1937 1345 1975 consilio
1375 1943 1419 1974 et
1447 1937 1539 1974 loco
1561 1935 1730 1985 scriptas

317 2006 586 2056 postmodum
617 2018 642 2043 a
672 2011 879 2043 sectatore
908 2004 1074 2055 Epicuri
1104 2009 1318 2054 excerptas
1348 2010 1390 2041 et
1411 2004 1604 2041 collectas
1621 2014 1727 2041 esse.

431 2073 622 2111 Poteram
652 2073 780 2110 multo
812 2073 974 2110 breuior
1006 2084 1094 2112 esse
1125 2073 1181 2109 de
1211 2084 1255 2109 re
1288 2073 1369 2109 iam
1390 2071 1612 2110 Gassendo
1641 2082 1730 2120 per·

317 2146 459 2191 specta
474 2138 503 2189 2,
548 2141 625 2179 nisi
663 2141 787 2179 errori
825 2139 946 2180 Dom.
980 2139 1250 2191 Comparettii
1293 2152 1517 2189 eorumque
1562 2139 1630 2189 qui
1675 2137 1730 2176 illi

441 2286 458 2319 1
487 2286 568 2319 uide
600 2285 765 2329 quotiens
800 2285 928 2326 dogma
961 2284 1007 2317 de
1041 2285 1176 2317 duabus
1210 2285 1370 2318 uniuersi
1405 2284 1537 2317 naturis
1563 2284 1665 2316 iteret
1691 2292 1730 2314 ae

317 2345 429 2380 uariet
455 2346 495 2380 ῑτ.
523 2344 664 2379 74--76
691 2349 726 2376 et
750 2354 803 2387 ep.
832 2351 846 2377 1
871 2344 918 2378 39
943 2354 977 2387 p.
997 2344 1031 2383 6,
1049 2342 1082 2378 ὃ.
1133 2345 1216 2378 hinc
1248 2344 1349 2377 facile
1381 2342 1603 2385 intellegitur,
1635 2341 1730 2374 unde

319 2404 457 2436 diuersa
486 2405 542 2437 his
571 2404 753 2436 sententiis
781 2403 888 2436 lectio
916 2403 1012 2446 (adn.
1039 2402 1096 2441 72,
1124 2403 1161 2448 1)
1192 2403 1313 2436 inferri
1338 2403 1502 2446 potuerit.

440 2462 462 2497 2
489 2462 664 2495 animadu.
692 2473 726 2505 p.
752 2462 845 2496 1693
876 2460 1012 2495 ‘Ratae
1040 2463 1234 2496 sententiae
1262 2473 1303 2495 ex
1330 2462 1436 2495 uariis
1463 2460 1609 2505 Epicuri
1631 2459 1729 2492 libris

320 2531 383 2554 eeu
410 2521 587 2563 florilegio
615 2521 788 2554 collectae
813 2518 920 2554 sunt'.
961 2521 1140 2565 aptissima
1159 2523 1201 2554 G.
1227 2522 1336 2554 utitur
1358 2520 1583 2555 similitudine
1611 2518 1730 2551 enchi-

321 2580 400 2613 ridii
438 2581 624 2623 Epictetei.
664 2582 708 2613 de
741 2591 811 2623 quo
845 2580 1017 2623 Simplicii
1061 2585 1173 2613 exstat
1203 2581 1443 2614 testimoninm
1473 2581 1508 2612 in
1544 2578 1729 2621 prooemio

320 2640 561 2672 commentarii
587 2640 632 2673 τὸ
657 2640 699 2674 δὲ
726 2639 865 2682 βιβλίον
886 2642 1014 2678 τοῦτο.
1041 2639 1087 2673 τὸ
1112 2639 1336 2682 Ἐπικτήτου
1361 2639 1583 2683 ἐγχειρίδιον
1610 2646 1730 2679 ern-fe-

319 2697 544 2742 γραμμένον,
585 2699 644 2732 καὶ
677 2702 793 2733 τοῦτο
825 2699 919 2733 αὐτὸ
946 2698 1148 2733 συνέταξεν
1180 2699 1201 2733 ὁ
1227 2698 1430 2742 Ἀρριανὸς,
1462 2698 1516 2733 τὰ
1546 2696 1729 2740 καιριώ·

320 2767 434 2790 τατα
469 2758 542 2791 καί
569 2756 917 2799 ἀναγκαιότατα
950 2758 990 2792 ἐν
1018 2757 1227 2802 φιλοσοφίᾳ
1261 2760 1321 2793 καί
1347 2758 1623 2801 κινῑτικώτατα
1649 2758 1729 2789 τῶν

321 2813 458 2859 ψὺχῶν
487 2815 814 2859 ἐπιλεξάμενος
840 2817 886 2851 ἑκ
912 2819 1006 2851 τῶν
1026 2813 1304 2861 Ἐπικτήτου
1331 2817 1496 2860 λόγων,
1533 2817 1586 2859 ὡς
1615 2814 1729 2855 αὐτὸς
