1842 3250
204 351 274 385 358

202 2244 271 2278 359

297 236 368 268 240
777 236 983 268 EPlCVRI
1009 236 1223 268 PHYSICA

419 347 560 383 CICERO
587 349 631 381 de
658 355 726 383 nat.
756 351 852 383 deor.
879 358 892 382 1
921 351 976 389 10,
1001 350 1047 382 23
1076 349 1157 393 ‘qui
1183 362 1269 383 uero
1296 352 1463 383 mundum
1491 352 1607 394 ipsum
1635 353 1705 384 ani-

298 418 450 446 mantem
486 415 752 457 sapientemque
789 425 867 447 esse
903 415 1077 453 dixerunt,
1118 415 1219 447 nullo
1246 415 1353 448 modo
1381 415 1558 454 uiderunt,
1597 416 1703 448 animi

297 483 421 510 natura
445 477 690 518 intellegentis
715 477 753 508 in
777 488 881 520 quam
908 477 1053 518 figuram
1081 478 1205 510 cadere
1231 483 1355 521 posset
1382 503 1390 510 .
1410 504 1418 512 .
1438 503 1446 511 .
1467 504 1474 512 .
1502 478 1704 511 admirabor

298 553 418 575 eorum
451 542 662 581 tarditatem,
701 543 761 585 qui
799 543 1010 574 animantem
1043 542 1267 575 inmortalem
1304 547 1339 574 et
1375 543 1525 575 eundem
1561 543 1702 575 beatum

297 607 486 640 rotundum
513 617 592 639 esse
615 607 739 646 uelint,
766 608 862 650 quod
889 618 930 640 ea
955 608 1067 640 forma
1092 613 1198 649 neget
1223 607 1332 640 ullam
1359 618 1437 640 esse
1463 607 1704 651 pulchriorem
1727 612 1744 638 5

297 671 412 704 Plato.
462 678 496 704 at
529 672 617 705 mihi
649 672 707 704 uel
738 672 890 715 cylindri
920 672 978 704 uel
1011 672 1173 715 quadrati
1208 671 1266 704 uel
1298 672 1378 704 coni
1416 672 1476 705 uel
1512 672 1704 716 pyramidis

297 736 437 768 uidetur
462 745 541 767 esse
568 734 768 767 formosior.
819 744 910 777 quae
940 745 1026 766 uero
1053 735 1125 766 uita
1151 734 1318 767 tribuitur
1342 735 1402 767 isti
1427 735 1582 768 rotundo
1610 736 1703 770 deo?

297 810 424 843 nempe
448 806 486 833 ut
510 811 552 832 ea
575 799 754 832 celeritate
781 804 1065 841 contorqueatur,
1093 800 1148 831 cui
1174 810 1238 842 par
1263 800 1361 832 nulla
1387 810 1430 832 ne
1457 800 1603 841 cogitari
1629 801 1704 843 qui-

298 865 377 897 dem
404 865 530 908 possit.
562 865 598 897 in
626 874 696 907 qua
721 874 792 896 non
818 864 926 896 uideo
953 864 1096 896 ubinam
1123 875 1221 896 mens
1250 870 1415 897 constans
1444 870 1477 896 et
1502 865 1575 897 uita
1600 865 1704 897 beata

295 930 411 972 possit
436 929 612 962 insistere.
642 929 810 973 quodque
835 930 870 961 in
896 933 1018 960 nostro
1043 939 1204 972 corpore,
1233 929 1261 961 si
1287 929 1430 961 minima
1449 940 1491 961 ex
1509 935 1607 972 parte
1632 940 1704 961 car·
1731 934 1761 958 ιο

295 993 466 1033 nificetur,
505 994 693 1027 molestum
727 994 784 1036 sit,
823 1004 883 1025 cur
914 993 982 1025 hoc
1014 993 1108 1025 idem
1142 1004 1213 1025 non
1241 993 1413 1025 habeatur
1445 994 1634 1026 molestum
1666 993 1703 1026 in

295 1057 388 1089 deo?
433 1063 526 1090 terra
552 1059 643 1090 enim
670 1058 829 1102 profecto
858 1057 1024 1100 quoniam
1051 1057 1174 1089 mundi
1200 1069 1280 1101 pars
1307 1063 1372 1097 est,
1409 1069 1491 1101 pars
1520 1063 1572 1091 est
1599 1059 1703 1091 etiam

297 1123 365 1155 dei.
410 1123 508 1165 atqui
534 1128 646 1155 terrae
673 1133 851 1155 maxumas
876 1123 1040 1163 regiones
1067 1122 1315 1155 inhabitabilis
1342 1129 1447 1166 atque
1474 1123 1628 1155 incultas
1653 1124 1704 1155 ui-

298 1188 432 1226 demus,
471 1188 569 1230 quod
602 1198 683 1230 pars
718 1198 834 1220 earum
870 1187 1020 1229 adpulsu
1054 1187 1142 1220 solis
1176 1187 1355 1226 exarserit,
1396 1198 1475 1231 pars
1509 1187 1703 1229 obriguerit

296 1252 377 1284 niue
404 1253 599 1294 pruinaque
627 1253 822 1294 longinquo
851 1252 939 1283 solis
966 1251 1155 1284 abscessu:
1183 1263 1285 1294 quae,
1312 1252 1342 1284 si
1360 1252 1512 1284 mundus
1533 1257 1584 1284 est
1604 1253 1704 1291 deus,
1730 1254 1762 1281 15

296 1327 461 1359 quomam
497 1320 617 1350 mundi
652 1322 765 1360 partes·
799 1322 890 1354 sunt,
931 1316 989 1348 dei
1022 1316 1179 1348 membra
1213 1317 1337 1359 partim
1370 1317 1540 1356 ardentia,
1578 1318 1704 1360 partim

294 1381 502 1421 refrigerata
532 1381 682 1413 dicenda
710 1378 818 1413 sunt'.

295 1445 391 1477 idem
417 1444 503 1477 ibid.
533 1452 559 1476 Π
590 1444 645 1488 l7,
672 1443 717 1476 46
760 1443 834 1476 ‘hic
861 1454 964 1485 quam
991 1443 1091 1476 uolet
1118 1444 1291 1486 Epicurus
1318 1444 1464 1483 iocetur‚
1498 1444 1605 1476 homo
1633 1454 1705 1476 non

296 1509 500 1552 aptissimus
534 1509 578 1541 ad
610 1508 798 1541 iocandum
832 1509 1048 1550 minimeque
1080 1509 1254 1550 resipiens
1289 1509 1445 1550 patriam,
1486 1514 1520 1540 et
1547 1509 1641 1540 dicat
1667 1519 1704 1540 se

295 1584 367 1605 non
392 1583 499 1616 posse
525 1572 747 1614 intellegere,
775 1572 889 1615 qualis
916 1573 961 1604 sit
989 1572 1164 1605 uolubilis
1195 1578 1229 1605 et
1257 1573 1429 1604 rotundus
1456 1574 1562 1605 deus:
1590 1578 1705 1604 tamen
1730 1578 1762 1602 ‘20

296 1649 337 1669 ex
355 1638 436 1675 hoc,
463 1637 558 1680 qued
587 1637 692 1669 etiam
718 1637 795 1679 ipse
820 1637 957 1679 probat,
983 1647 1172 1680 numquam
1198 1647 1252 1668 me
1278 1637 1448 1670 mouebit.
1476 1637 1593 1679 placet
1611 1637 1704 1668 euim

295 1702 351 1734 illi
378 1712 455 1734 esse
483 1701 583 1738 deos,
623 1701 707 1744 quia
733 1699 889 1732 necesse'
911 1701 955 1732 sit
982 1705 1220 1743 praestantem
1248 1711 1326 1732 esse
1353 1700 1508 1744 aliquam
1535 1705 1703 1739 naturam,

296 1777 365 1810 qua
391 1766 479 1798 nihil
507 1766 553 1798 sit
577 1764 731 1797 melius’.

297 1832 339 1864 cs.
368 1831 519 1873 scriptor
544 1832 697 1862 incertus
724 1829 922 1872 Epicureus
949 1840 986 1863 π.
1015 1829 1228 1872 αἰσθήσεων
1249 1829 1337 1862 VH¹
1362 1838 1402 1863 vl
1429 1841 1457 1863 c.
1474 1831 1515 1863 21
1547 1845 1563 1860 ι
1585 1830 1704 1872 αὐτὴν

296 1895 380 1930 οἵαν
406 1894 442 1929 οἱ
467 1895 591 1928 λοιποὶ
620 1894 825 1936 φιλόσοφοι
857 1893 1125 1928 συνάπτουσιν.
1178 1893 1330 1935 πάντως
1357 1894 1429 1937 γὰρ
1457 1894 1501 1928 ἂν
1529 1895 1633 1929 εἶδαν
1661 1895 1704 1928 τὸ
1729 1902 1762 1927 25

296 1960 345 2002 μὴ
375 1961 548 2003 σφαιρῶν
584 1958 682 2001 ἔχειν
715 1958 863 2001 μορφὰς
895 1958 988 2000 μηδὲ
1022 1957 1159 2001 κρίσεις
1185 1959 1245 1991 καὶ
1279 1957 1493 2003 διαθέσει[ς]
1524 1958 1706 2003 ὀργ[ί]λας

296 2025 355 2059 καὶ
388 2021 648 2066 μεικραιτίους,
687 2022 781 2057 ἀλλὰ
812 2023 873 2056 καὶ
905 2022 1053 2065 μορφὰς
1085 2022 1371 2065 διανεστηκυίας
1403 2022 1454 2064 εἰς
1483 2023 1581 2066 ὕψος
1612 2022 1705 2067 mn]

296 2090 479 2130 διαθέσεις
511 2087 653 2129 παντὸς
686 2090 755 2121 τοῦ
788 2090 970 2121 ταπεινοῦ
1003 2087 1320 2130 περιφρονούσας,
1362 2087 1452 2129 ὅλας
1478 2088 1518 2122 δὲ
1544 2096 1705 2131 στρεφο-

296 2151 425 2197 μέ[νας
450 2155 535 2197 περὶ
560 2154 631 2196 τὴν
658 2153 806 2187 ἑαυτῶν
833 2152 1090 2206 μακαριότητα
1116 2153 1176 2186 καὶ
1204 2151 1446 2196 ἀφθαρσίαν].

417 2233 661 2269 Hn‘i’omrvs
680 2234 887 2278 philosoph.
906 2233 964 2273 22,
981 2234 1000 2266 3
1020 2245 1054 2277 p.
1070 2233 1152 2273 572,
1168 2234 1189 2267 5
1207 2233 1321 2267 Diels,
1357 2233 1424 2267 τὸν
1444 2233 1484 2267 δὲ
1502 2232 1590 2267 θεὸν
1616 2233 1704 2274 ὁμο·
1729 2241 1762 2267 ³0

295 2301 420 2341 λογῶν
450 2298 703 2342 (Ἐπίκουρος)
730 2299 824 2333 εἶναι
852 2298 971 2333 ἀίδιον
999 2299 1059 2332 καὶ
1085 2298 1280 2341 ἄφθαρτον
1307 2298 1401 2341 φησί
1427 2297 1587 2340 μηδενὸς
1613 2307 1703 2340 προ-

295 2367 408 2406 νοεῖν,
450 2365 509 2397 xa}
536 2364 632 2405 ὅλως
658 2364 840 2406 πρόνοιαν
869 2363 917 2405 μὴ
946 2363 1039 2397 εἶναι
1067 2362 1159 2405 μηδὲ
1187 2362 1423 2405 εἱμαρμένην,
1462 2362 1554 2397 ἀλλὰ
1580 2361 1705 2396 πάντα

297 2429 564 2472 αὐτοματισμῷ
597 2427 776 2470 γίνεσθαι.
826 2429 1010 2469 καθῆσθαι
1040 2426 1113 2470 γὰρ
1145 2426 1214 2460 τὸν
1245 2426 1334 2460 θεὸν
1365 2426 1406 2461 ἐν
1437 2429 1517 2468 τοῖς
1548 2436 1704 2469 μετακο-

419 2584 434 2616 l
465 2582 541 2627 qui]
561 2582 673 2615 Stoici
690 2582 765 2615 scil.
789 2582 794 2624 Ι
818 2583 861 2615 cs.
880 2583 983 2615 Lucr.
1002 2589 1029 2614 V
1053 2581 1237 2615 126-145
1272 2580 1287 2624 ΙΙ
1321 2581 1342 2614 2
1370 2582 1414 2615 cf.
1434 2592 1498 2614 scr.
1517 2582 1584 2615 inc.
1603 2582 1703 2625 Epic.

296 2642 380 2685 περὶ
407 2641 621 2684 αἰσθήσεων
642 2642 730 2673 VH¹
751 2649 789 2674 vl
808 2652 837 2673 c.
860 2641 913 2673 16.
938 2641 978 2673 12
994 2651 1045 2683 sq.
1084 2640 1090 2683 1
1129 2642 1149 2674 5
1169 2640 1273 2673 Plato
1291 2640 1380 2673 Tim.
1399 2651 1432 2683 p.
1450 2639 1514 2674 33b
1551 2641 1557 2680 Ι
1590 2640 1612 2674 6
1630 2640 1703 2674 uid.

296 2701 344 2734 id.
369 2712 402 2744 p.
419 2701 480 2734 ‚53c
498 2712 574 2744 sqq.
601 2701 644 2734 cs.
673 2701 712 2734 sr.
732 2700 800 2733 367
828 2711 862 2743 p.
881 2700 962 2738 245,
984 2700 1024 2732 13
1074 2699 1079 2742 Ι
1131 2700 1173 2732 10
1194 2704 1306 2741 parte
1330 2700 1565 2742 ugrmflcetur
1591 2698 1699 2742 libri}

300 2760 386 2792 12-
401 2760 440 2792 Π
468 2760 509 2793 ef.
530 2760 731 2791 Lactantius
761 2760 832 2790 diu.
861 2760 940 2792 inst.
961 2767 1013 2790 vu
1035 2759 1066 2796 3,
1088 2758 1107 2790 7
1123 2769 1200 2800 sqq.
1236 2758 1240 2801 Ι
1275 2758 1321 2791 29
1342 2759 1384 2790 cs.
1404 2759 1493 2790 infra
1515 2769 1547 2799 p.
1562 2758 1703 2797 241‚2S
