1842 3250
206 1596 275 1628 368

306 242 376 273 240
785 240 989 271 EPICVRI
1016 240 1232 272 PHYSICA

305 365 430 398 porum
457 355 684 392 metiebatur;
725 355 840 397 spatio
869 359 984 387 tamen
1011 355 1127 398 qualis
1155 365 1196 387 ea
1223 355 1338 393 suerit,
1370 355 1535 396 intellegi
1564 357 1631 397 qui
1653 366 1714 398 po-

306 420 394 451 test?
421 420 517 461 quod
537 429 580 450 ne
599 419 634 450 in
653 419 904 459 cogitationem
923 419 1066 461 quidem
1086 420 1191 457 eadit,
1218 424 1255 450 ut
1274 419 1379 451 suerit
1397 423 1535 462 tempus
1555 419 1713 460 aliquod,

305 484 440 515 nullum
467 494 545 515 cum
572 490 708 526 ternpus
737 488 841 516 esset.
893 483 963 515 isto
991 482 1100 523 igitur
1129 489 1199 516 tam
1232 484 1393 515 inmenso
1429 483 1541 526 spatio
1569 493 1713 526 quaero,
1737 486 1801 517 (¹22)

304 548 429 586 Balbe,
469 558 528 579 cur
554 548 716 579 Pronoea
745 553 863 579 uestra
889 547 1095 580 cessauerit.
1138 547 1343 579 laboremne
1371 547 1551 588 fugiebat?
1588 553 1623 579 at
1647 548 1715 579 iste

304 623 369 644 nec
388 612 526 652 attingit
552 612 657 643 deum
684 622 748 643 uec
777 616 850 643 erat
877 611 984 649 ullus,
1011 622 1089 643 cum
1115 622 1237 644 omnes
1259 617 1402 644 naturae
1421 612 1556 643 numini
1579 612 1714 650 diuino,
1738 616 1755 640 5

305 676 441 708 caelum
468 677 567 716 ignes
594 681 708 707 terrae
734 675 853 713 maria,
880 680 1056 718 parerent.
1109 674 1195 717 quid
1222 680 1339 706 autem
1366 680 1440 706 erat
1466 675 1562 717 quod
1590 684 1716 708 concu-

304 742 457 784 pisceret
484 741 572 772 deus
599 740 767 772 mundum
794 739 906 780 signis
933 744 968 771 et
991 739 1186 771 luminibus
1214 744 1390 781 tamquam
1416 739 1545 771 aedilis
1571 740 1716 773 ornare?

306 806 333 836 si
360 809 398 836 ut
425 804 512 835 deus
544 804 622 846 ipse
656 804 783 835 melius
818 803 1002 842 habitaret,
1044 808 1146 835 antea
1179 803 1350 835 uidelicet
1383 808 1542 846 tempore
1576 804 1714 836 infinito

304 870 340 900 in
367 868 522 900 tenebris
550 873 727 910 tamquam
753 868 788 900 in
817 869 1001 909 gurgustio
1029 867 1264 899 habitauerat.
1315 873 1398 911 post
1424 872 1541 900 autem
1567 869 1717 900 uarieta-

305 939 385 965 tene
412 943 491 964 eum
524 932 693 964 delectari
719 937 894 975 putamus,
936 942 1004 974 qua
1031 931 1168 964 eaelum
1201 936 1234 963 et
1261 936 1370 963 terras
1399 937 1584 964 exornatas
1619 933 1716 964 uide·
1741 940 1772 964 ιο

303 997 402 1029 mus?
446 1007 535 1040 quae
563 998 632 1028 ista
656 1000 776 1039 potest
803 1007 881 1028 esse
908 995 1103 1028 oblectatio
1132 995 1224 1028 deo?
1266 1006 1355 1039 quae
1384 997 1414 1028 si
1441 1001 1545 1035 esset,
1575 1007 1646 1028 non
1673 1007 1716 1029 ea

304 1068 372 1093 tam
399 1062 460 1093 diu
487 1071 605 1093 carere
630 1061 816 1103 potuisset.
845 1071 888 1092 an
913 1060 1013 1098 haec,
1039 1065 1078 1091 ut
1105 1061 1179 1092 sere
1203 1061 1334 1099 dicitis,
1360 1060 1545 1093 hominum
1572 1071 1678 1093 causa
1696 1072 1716 1092 a
1737 1065 1800 1097 (23)

304 1127 374 1158 deo
402 1127 594 1157 constituta
621 1125 723 1156 sunt?
757 1124 1038 1167 sapientiumne?
1073 1130 1218 1167 propter
1247 1135 1378 1168 paucos
1405 1110 1633 1166 igitur¹tanta
1662 1130 1716 1157 est

304 1201 416 1222 rerum
444 1190 535 1222 sacta
562 1189 714 1221 molitio.
767 1199 811 1221 an
838 1188 1053 1221 stultorum?
1088 1194 1122 1220 at
1148 1189 1295 1232 primum
1321 1199 1427 1221 causa
1452 1199 1524 1221 non
1550 1189 1627 1228 fuit,
1655 1200 1715 1221 cur

305 1256 348 1286 dc
375 1254 538 1296 inprobis
558 1254 650 1285 bene
669 1259 878 1292 mereretur;
908 1254 1037 1285 deinde
1065 1253 1151 1295 quid
1179 1260 1231 1285 est
1258 1253 1469 1285 adsecutus?
1496 1264 1573 1285 cum
1591 1264 1715 1286 omnes
1741 1262 1771 1286 15

305 1319 403 1351 stulti
431 1320 500 1350 sint
528 1319 603 1350 sine
627 1318 738 1350 dubio
764 1318 961 1356 miserrimi,
989 1319 1137 1349 maxime
1167 1317 1264 1360 quod
1289 1317 1389 1349 stulti
1420 1323 1516 1350 sunt:
1553 1319 1715 1350 miserius

305 1383 396 1416 enim
430 1382 580 1414 stultitia
609 1383 694 1424 quid
727 1392 918 1425 possumus
951 1382 1093 1413 dicere?
1136 1381 1267 1413 deinde
1300 1382 1396 1423 quod
1423 1382 1471 1414 ita
1497 1382 1607 1414 muita
1635 1387 1716 1414 sunt

305 1448 529 1480 incommoda
556 1447 592 1478 in
618 1448 701 1484 uita,
729 1451 766 1478 ut
794 1457 834 1478 ea
862 1446 1041 1489 sapientes
1069 1446 1334 1478 commodorum
1363 1446 1642 1489 conpensatione
1667 1446 1717 1479 le-

304 1514 411 1550 niant,
439 1511 538 1544 stulti
565 1522 629 1543 nec
657 1511 769 1542 uitare
796 1511 977 1543 uenientia
1002 1510 1144 1553 possint
1170 1520 1233 1542 nec
1261 1510 1350 1541 ferre
1377 1510 1607 1552 praesentia'.

424 1592 618 1626 chnmvs
639 1593 692 1624 bis
712 1603 826 1625 accus.
847 1594 866 1625 2
895 1591 1037 1635 ἀληθὴς
1064 1591 1175 1632 εὐθὺς
1202 1592 1222 1625 ὁ
1242 1590 1459 1634 Ἐπίκουρος
1484 1590 1714 1635 ἀπρονοή-
1739 1602 1772 1627 20

304 1669 411 1698 τους
430 1659 525 1700 ἡμᾶς
545 1657 649 1699 (τοὺς
669 1655 793 1697 θεοὺς)
813 1655 1041 1698 ἀποφαίνων
1059 1658 1136 1689 τῶν
1158 1656 1216 1689 ἐπὶ
1234 1656 1303 1697 γῆς
1322 1655 1565 1698 πραγμάτων.
1594 1656 1641 1688 ib.
1656 1656 1714 1689 20.

303 1723 398 1754 idem
424 1722 684 1764 Icaromenippi
709 1721 754 1754 32
791 1720 825 1755 οἱ
852 1720 893 1754 δὲ
921 1720 966 1763 δὴ
995 1720 1239 1763 Ἐπικούρειοι
1267 1747 1272 1753 .
1295 1746 1301 1753 .
1330 1719 1427 1761 μάλα
1456 1719 1502 1761 δὴ
1529 1721 1589 1754 καὶ
1616 1721 1714 1764 ὑβρι-

304 1785 390 1821 σταί
425 1786 495 1820 εἰσι
529 1787 589 1819 καὶ
624 1786 668 1820 οὐ
702 1785 860 1829 μετρίως
897 1786 1003 1827 ἡμῶν
1039 1785 1132 1827 (τῶν
1160 1785 1273 1827 Θεῶν)
1309 1784 1578 1826 καθάπτονται,
1621 1784 1714 1827 μήτε

304 1851 555 1892 ἐπιμελεῖσθαι
580 1852 658 1884 τῶν
685 1849 937 1893 ἀνθρωπίνων
964 1850 1139 1891 λέγοντες
1173 1849 1263 1890 τοὺς
1291 1848 1401 1890 θεοὺς
1427 1847 1520 1891 μήτε
1545 1850 1642 1892 ὅλως
1667 1849 1715 1884 τὰ

304 1916 505 1957 γιγνόμενα
532 1915 760 1949 ἐπισκοπεῖν.
1738 1924 1770 1950 ‘25

304 1982 548 2014 ALEXANDRR
574 1980 738 2022 Aphrod.
766 1980 810 2011 de
837 1980 909 2011 fato
937 1989 965 2011 c.
986 1978 1027 2012 31
1058 1990 1091 2022 p.
1115 1979 1181 2012 100
1206 1979 1264 2011 Or.
1303 1979 1374 2021 τὴν
1405 1979 1613 2023 λεγομένην
1639 1980 1714 2014 ὑπὸ

303 2048 380 2080 τῶν
406 2046 491 2088 περὶ
518 2044 735 2088 Ἐπίκουρον
763 2042 1091 2087 ἀπρονοησίαν.

303 2111 502 2143 ARRJAm‘s
528 2110 643 2152 Epict.
671 2110 756 2141 diss.
784 2117 797 2142 1
828 2109 882 2147 12,
914 2108 927 2140 1
962 2107 1056 2151 Περὶ
1083 2110 1182 2142 θεῶν
1208 2106 1244 2141 οἳ
1271 2107 1338 2150 μέν
1365 2107 1463 2148 τινές
1489 2107 1559 2142 εἰσι
1585 2107 1712 2150 λέγον-

302 2185 363 2215 τες
391 2174 474 2217 μηδ’
494 2175 588 2208 εἶναι
615 2174 660 2208 τὸ
687 2176 808 2208 θεῖον·
835 2172 870 2207 οἳ
897 2173 927 2207 δ’
956 2173 1051 2207 εἶναι
1077 2172 1155 2215 μέν,
1184 2171 1302 2216 ἀργὸν
1329 2173 1369 2207 δὲ
1397 2173 1456 2206 καί
1484 2172 1626 2215 ἀμελές,
1653 2173 1714 2207 καὶ

305 2240 353 2281 μὴ
381 2241 558 2281 προνοεῖν
588 2238 758 2282 μηδενός.
1736 2251 1770 2276 30

303 2305 396 2336 idem
420 2304 508 2335 ibid.
528 2311 554 2336 n
574 2303 630 2342 20,
650 2303 694 2336 23
721 2302 809 2344 λάβε
834 2301 881 2336 τὰ
908 2300 1071 2345 ἐναντία,
1098 2302 1156 2335 ὄτι
1183 2302 1262 2336 Θεοί
1289 2300 1369 2336 οὔτ’
1397 2300 1501 2345 εἰσίν,
1528 2301 1561 2336 εἴ
1584 2311 1626 2336 τε
1653 2301 1714 2335 καὶ

304 2367 408 2410 εἰσίν,
443 2368 512 2401 οὐκ
539 2368 802 2410 ἐπιμελοῦνται
829 2367 1041 2410 ἀνθρώπων
1069 2366 1159 2400 οὐδὲ
1185 2366 1312 2400 κοινόν
1339 2376 1374 2400 τι
1399 2366 1486 2408 ἡμῖν
1517 2366 1595 2400 ἐστι
1621 2365 1714 2408 πρὸς

305 2432 443 2474 αὐτοὺς
469 2432 514 2465 τό
539 2432 571 2465 τ’
600 2432 751 2474 εὐσεβὲς
782 2433 899 2465 τοῦτο
931 2431 991 2464 καὶ
1024 2431 1130 2465 ὅσιον
1160 2431 1260 2473 παρὰ
1286 2434 1365 2471 τοῖς
1390 2432 1543 2471 πολλοῖς
1569 2429 1713 2473 ἀνθρώ-

304 2507 389 2538 ποις
414 2497 647 2538 λαλούμενον
674 2494 922 2539 κατάψευσμά
949 2495 1050 2530 ἐστιν
1085 2494 1297 2530 “ἀλαζόνων
1322 2495 1536 2539 ἀνθρώπων
1563 2495 1623 2528 καὶ
1651 2502 1712 2528 σο-

424 2651 445 2683 2
472 2652 570 2694 quod
593 2649 778 2683 relatiuum
804 2655 867 2688 est,
894 2660 964 2682 non
993 2649 1144 2681 causalis
1166 2650 1367 2682 coniunctio
1416 2647 1420 2691 Ι
1470 2649 1512 2682 12
1530 2659 1606 2691 sqq.
1626 2649 1712 2681 haec

307 2710 517 2753 supplentur
543 2710 583 2741 sr.
603 2709 670 2743 371
715 2708 730 2752 ΙΙ
775 2709 820 2742 20
846 2709 890 2741 cf.
918 2709 1114 2751 Dionysius
1141 2710 1248 2751 episc.
1267 2709 1399 2742 Euseb.
1419 2718 1539 2752 praep.
1566 2718 1621 2740 eu.
1639 2714 1712 2739 XIV

309 2769 364 2807 25,
386 2769 424 2802 16
442 2780 477 2812 p.
494 2768 582 2801 777·
607 2768 714 2803 οὗτοι
740 2767 776 2802 οἱ
802 2767 1033 2811 ἀπρονόητοι
1059 2769 1080 2801 i.
1110 2779 1138 2800 e.
1164 2768 1331 2811 Epicurei
1368 2767 1372 2809 1
1412 2768 1455 2800 34
1482 2767 1526 2799 cs.
1544 2778 1576 2811 p.
1592 2767 1675 2805 218,
1691 2766 1712 2799 8
