1846 3288
298 258 312 289 1
320 257 342 290 6
899 256 1103 288 EPICVRI

293 378 378 411 σαι.
440 368 550 421 πρὸς
587 369 635 411 δὲ
667 368 840 418 τούτοις
880 367 932 410 οὐ
972 370 1038 410 δεῖ
1072 368 1260 419 νομίζειν
1296 368 1343 410 ἐν
1378 371 1439 423 τῷ
1477 368 1704 423 ὡρισμένῳ

292 441 460 493 σώματι
490 440 696 493 ἀπείρους
729 440 889 491 ὄγκους
921 439 1028 482 εἶναι
1058 439 1150 482 οὐδ’
1184 440 1417 491 ὁπηλίκους
1448 439 1539 482 οὗν.
1589 441 1703 484 ὥστε

293 513 346 555 οὐ
378 512 515 564 μόνον
550 512 628 562 τὴν
667 511 728 562 εἰς
765 510 945 562 ἄπειρον
980 512 1116 562 τομὴν
1156 511 1224 553 ἐπὶ
1259 511 1500 553 τοῦλαττον
1537 511 1705 565 ἀναιρε·

293 570 406 636 τέον,
435 584 507 626 ἵνα
536 585 590 635 μὴ
621 583 763 625 πάντα
794 582 958 634 ἀσθενῆ
990 585 1182 634 ποιῶμεν
1214 583 1295 626 κάν
1323 586 1418 636 ταῖς
1446 585 1704 637 περιλήψεσι

294 660 382 699 τῶν
414 655 588 708 ἀθρόων
621 656 681 707 εἰς
713 656 764 698 τὸ
796 656 849 706 μὴ
882 655 933 697 ὂν
965 655 1305 707 ἀναγκαζώμεθα
1327 657 1381 698 τὰ
1402 656 1511 700 ὄντα
1538 660 1706 710 Θλίβον-
1730 674 1748 700 5

293 744 367 781 τες
397 729 738 780 καταναλίσκειν,
771 728 881 770 ἀλλὰ
913 729 981 770 καὶ
1011 730 1089 780 τὴν
1121 728 1357 781 μετάβασιν
1389 730 1442 780 μὴ
1475 731 1707 779 νομιστέον

294 803 497 853 γενέσθαι
529 802 576 844 ἐν
607 804 698 852 τοῖς
729 801 988 853 ὡρισμένοις
1019 800 1080 852 εἰς
1111 801 1290 853 ἄπειρον
1319 804 1414 853 μηδ’
1438 802 1505 843 ἐπὶ
1530 802 1707 845 τοῦλατ-

294 889 384 918 τον.
437 874 538 916 οὔτε
574 875 656 926 γὰρ
694 874 827 926 ὅπως,
873 875 1049 917 ἐπειδὰν
1080 874 1192 917 ἅπαξ
1223 888 1287 926 τις
1318 874 1412 930 εἴπῃ
1445 873 1511 917 ὅτι
1541 874 1709 927 ἄπειροι
1734 879 1779 913 57

295 948 417 997 ὄγκοι
449 947 496 989 ἔν
525 960 606 988 τινι
636 946 919 999 ὑπάρχουσιν,
964 946 1005 989 οἱ
1035 946 1232 998 ὁπηλίκοι
1268 946 1359 999 οὖν,
1406 947 1498 989 ἔστι
1533 949 1708 998 νοῆσαι·

294 1022 390 1071 πῶς
420 1022 468 1061 τ’Ἰ
489 1019 541 1061 ἂν
573 1019 634 1061 ἔτι
665 1021 796 1062 τοῦτο
833 1020 1166 1071 πεπερασμένον
1205 1019 1268 1071 εἴη
1300 1020 1351 1061 τὸ
1383 1020 1585 1071 μέγεθος;
1630 1033 1708 1071 πη-
1738 1033 1767 1058 ιο

296 1094 404 1135 λίκοι
434 1091 516 1143 γάρ
547 1105 661 1142 τινες
692 1094 827 1142 δῆλον
858 1091 919 1143 ὡς
951 1092 989 1134 οἱ
1023 1091 1189 1144 ἄπειροί
1219 1091 1329 1135 εἰσιν
1359 1092 1497 1142 ὄγκοι·
1539 1093 1608 1134 καὶ
1638 1091 1710 1134 οὗ·

295 1179 362 1207 τοι
392 1164 589 1215 ὁπηλίκοι
610 1163 664 1206 ἄν
684 1178 790 1207 ποτε
813 1163 934 1215 ὦσιν,
966 1164 1145 1217 ἄπειρον
1177 1164 1229 1206 ἂν
1260 1164 1313 1216 ἦν
1344 1165 1413 1207 καὶ
1438 1166 1488 1207 τὸ
1518 1165 1711 1216 μέγεθος.

297 1237 431 1290 ἄκρον
461 1251 508 1280 τε
540 1237 720 1289 ἔχοντος
751 1240 829 1280 τοῦ
861 1238 1194 1289 πεπερασμένου
1226 1238 1476 1289 διαληπτόν,
1508 1237 1543 1279 εἰ
1566 1238 1619 1288 μὴ
1643 1238 1711 1279 καὶ

297 1311 389 1352 καθ’
414 1311 544 1353 ἑαυτὸ
576 1310 810 1361 θεωρητόν,
841 1310 920 1353 οὐκ
950 1310 1042 1352 ἔστι
1073 1311 1131 1362 μὴ
1161 1311 1212 1353 οὐ
1243 1311 1313 1353 καὶ
1342 1312 1392 1353 τὸ
1425 1311 1522 1361 ἑξῆς
1553 1310 1711 1352 τούτου

297 1385 498 1425 τοιοῦτον
536 1384 653 1424 νοεῖν
691 1383 760 1423 καὶ
790 1385 921 1424 τοῦτο
953 1384 1062 1424 κατὰ
1092 1382 1142 1424 τὸ
1176 1382 1274 1434 ἑξῆς
1311 1383 1372 1434 εἰς
1408 1382 1712 1434 τοῦμπροσθεν
1738 1397 1769 1423 ιτ,

299 1456 513 1508 βαδίζοντι
553 1454 615 1505 εἰς
655 1455 706 1496 τὸ
747 1453 926 1506 ἄπειρον
971 1455 1178 1508 ὑπάρχειν
1223 1455 1331 1497 κατὰ
1373 1453 1477 1509 (τὸ)
1512 1457 1713 1497 τοιοῦτον

423 1602 437 1634 1
468 1601 545 1635 δεῖν
565 1600 582 1633 f
599 1600 605 1642 Ι
627 1600 815 1644 ὁρισμένω
834 1602 870 1634 Η
897 1600 1113 1645 ὁρισμ[ένω]
1136 1612 1214 1635 cum
1231 1601 1338 1634 litura
1354 1602 1385 1633 F
1418 1599 1434 1647 Η
1466 1602 1488 1634 2
1508 1601 1597 1635 οὐδὲ
1616 1601 1684 1633 FH
1709 1599 1714 1646 Ι

300 1658 479 1702 ὁπηλίκος
504 1659 573 1693 οὖν
600 1659 632 1701 Q
671 1658 688 1703 ss
730 1660 750 1693 3
777 1658 1019 1705 τοῦλαττ[ον]
1047 1671 1124 1692 cum
1152 1671 1220 1694 ras.
1247 1661 1283 1692 H
1317 1661 1323 1702 l
1358 1658 1610 1704 ἀναιρ[ε]τέον
1636 1670 1714 1691 cum

300 1729 367 1751 ras.
394 1718 424 1750 B
465 1718 481 1762 ΙΙ
523 1719 543 1751 4
571 1717 656 1762 κάν]
682 1719 742 1753 καὶ
766 1718 851 1751 libri
893 1719 908 1762 ῃ
951 1719 971 1752 5
999 1718 1148 1762 ἀθροῶν
1175 1720 1205 1751 Β
1231 1719 1384 1761 ἀτόμων
1411 1719 1441 1750 F
1471 1721 1477 1760 Ι
1508 1718 1714 1760 ἀναγκαζό-

301 1779 395 1819 μεθα
425 1778 488 1810 BF
529 1776 544 1820 ΙΙ
587 1777 607 1810 7
635 1776 721 1820 μηδ’
752 1777 812 1811 ἐπὶ
839 1777 1065 1810 Gassendus:
1100 1778 1193 1820 μηδὲ
1222 1783 1281 1810 aut
1306 1779 1355 1819 μὴ
1384 1778 1424 1812 δὲ
1451 1778 1545 1810 libri.
1588 1777 1714 1809 dubito

300 1831 345 1868 a'n
370 1835 455 1879 μήτ’
483 1836 542 1871 ἐπὶ
568 1836 613 1870 τὸ
638 1837 765 1879 μεῖζον
791 1836 885 1879 μήτε
911 1838 976 1879 Ep.
1005 1837 1188 1880 scripserit
1215 1838 1221 1880 Ι
1249 1837 1437 1872 τοῦλατον
1464 1838 1499 1869 Η
1540 1836 1557 1879 u
1597 1837 1620 1871 8
1646 1835 1714 1880 Ep.

300 1900 488 1938 postquam
525 1896 707 1928 doctrinae
738 1896 783 1928 de
810 1901 1007 1928 atomorum
1038 1896 1285 1937 magnitudine
1320 1905 1490 1929 summam
1515 1896 1714 1939 proposuit,

300 1954 369 1986 iam
395 1955 528 1999 primae
553 1955 795 1997 propositioni
821 1953 870 1998 (u.
900 1953 1008 1999 1—2)
1041 1955 1215 1987 rationem
1242 1954 1422 1998 duplicem
1447 1956 1494 1987 ita
1522 1954 1716 1995 subiungit,

300 2017 340 2044 ut
372 2018 557 2056 utramque
593 2014 742 2056 primum
777 2014 932 2046 breuiter
965 2014 1101 2046 indicet
1138 2013 1177 2056 (1.
1204 2013 1350 2058 8—10)‚
1392 2014 1477 2046 dein
1508 2012 1716 2054 singillatim

301 2068 509 2115 eonprohei,
537 2073 559 2105 1.
592 2072 730 2106 10-12
758 2073 802 2105 cl.
830 2072 852 2107 8
877 2072 967 2108 οὔτε
994 2073 1065 2116 γὰρ
1093 2074 1181 2113 notk..
1212 2073 1363 2116 lss—p.
1382 2073 1469 2111 17‚1
1500 2072 1542 2105 cl.
1569 2072 1611 2107 io
1635 2073 1717 2111 πῶς

300 2130 333 2163 τ’
362 2130 406 2163 ἂν
433 2132 510 2164 κτλ.
541 2130 546 2173 l
575 2131 679 2172 ὅπως
705 2142 761 2165 om
787 2132 816 2162 F
844 2129 850 2175 Ι
879 2130 1009 2173 ἐπειδὴ
1032 2131 1062 2163 F
1101 2129 1117 2176 fl
1159 2131 1182 2164 9
1210 2130 1260 2175 οἱ]
1287 2131 1311 2173 ἢ
1337 2131 1422 2164 libri
1444 2130 1449 2173 Ι
1471 2131 1717 2173 ὁπηλικοιοῡν

301 2188 465 2221 BFGP²f
506 2189 520 2232 11
568 2191 610 2222 10
627 2193 677 2225 ,τε
703 2191 739 2222 Η
778 2190 784 2232 l
822 2193 941 2225 τοῦτο
965 2195 1048 2234 post
1072 2190 1361 2233 πεπερασμένον
1387 2190 1576 2222 conlocant
1603 2189 1686 2222 FGf
1712 2188 1720 2237 ς

302 2249 600 2291 πεπερασμένων
628 2245 648 2280 f
673 2249 688 2291 ΙΙ
727 2250 766 2282 11
795 2249 846 2290 ὡς
870 2249 906 2283 οἱ
932 2249 1063 2291 BP¹Q:
1087 2250 1139 2290 ὡς
1157 2249 1327 2282 Ε’(ΞΗΡἸῘ
1344 2249 1350 2292 1
1373 2249 1433 2283 καί
1450 2248 1514 2291 ΗΝ]
1532 2249 1639 2283 οὗτοι
1658 2248 1688 2280 P
1713 2244 1720 2292 Ι

303 2306 410 2341 οὗτοι
435 2308 482 2340 B:
518 2307 623 2344 οὗτοι
656 2308 699 2342 ἐξ
731 2307 794 2342 ὧν
829 2309 937 2341 ceteri
962 2308 1056 2341 libri.
1100 2309 1169 2341 hoc
1196 2308 1232 2342 ἑξ
1261 2308 1316 2342 ὧν
1348 2315 1526 2341 corrector
1552 2308 1717 2350 antiquus

303 2365 385 2398 loco
411 2368 601 2399 uerbonim
630 2369 690 2401 καὶ
717 2367 825 2402 οὗτοι
851 2367 923 2409 legi
950 2368 1065 2400 uoluit
1108 2366 1124 2410 ΙΙ
1168 2367 1211 2401 12
1236 2366 1273 2402 οἱ
1297 2365 1448 2410 πηλίκοι
1466 2368 1496 2399 F
1518 2367 1523 2408 Ι
1545 2376 1639 2400 ποτε
1660 2376 1717 2397 om

303 2425 356 2456 H¹
387 2426 394 2467 Ι
424 2425 570 2468 ἄπειροι
596 2427 625 2457 F
649 2423 653 2470 Ι
678 2426 724 2468 ἢν
752 2436 809 2458 om
836 2426 853 2457 f
890 2424 905 2468 n
949 2425 991 2459 13
1017 2423 1075 2469 τε]
1102 2435 1144 2459 τε
1170 2424 1217 2467 ἦν
1243 2426 1274 2457 F
1294 2424 1300 2467 1
1324 2426 1476 2467 ἔχοντες
1501 2425 1602 2457 libri:
1629 2434 1716 2458 corr.

304 2482 511 2518 Gassendus
534 2484 539 2526 ί
561 2486 631 2517 τοῦ
658 2483 946 2527 πεπερασμένου
967 2483 1079 2526 ΒΡὮ
1103 2483 1149 2517 τὸ
1177 2484 1493 2527 ὑποπερασμένον
1515 2484 1544 2515 f:
1571 2474 1716 2517 τὸδπὸ

305 2543 594 2585 πεπερασμένου
626 2543 704 2574 FP²
745 2542 1036 2585 πεπερασμένου
1068 2543 1103 2575 H
1146 2542 1192 2576 τὸ
1222 2542 1588 2586 ὑποπεπερασμένον
1616 2545 1716 2584 (mou

306 2601 412 2645 corr.)
437 2602 468 2633 G
509 2599 525 2647 ΙΙ
571 2602 613 2634 14
637 2601 852 2644 θεωρητέον
877 2601 961 2633 libri
990 2601 995 2643 Ι
1025 2601 1126 2635 ἔστιν
1153 2600 1191 2634 Η
1218 2601 1225 2643 1
1254 2601 1303 2643 μὴ
1330 2601 1376 2635 οὐ
1401 2601 1532 2643 BP¹Qz
1562 2601 1611 2643 μὴ
1637 2600 1718 2633 reli-

307 2659 368 2702 qui
398 2659 403 2701 Ι
436 2660 517 2702 ἑξῆς
544 2660 573 2691 F
609 2659 624 2703 ΙΙ
668 2661 708 2694 15
734 2662 851 2693 τοῦτο
878 2658 975 2691 BF¹:
1009 2659 1112 2693 οὕτω
1139 2659 1248 2691 ceteri
1270 2658 1276 2702 Ι
1298 2659 1392 2693 κατὰ
1420 2657 1481 2703 τὸ]
1507 2658 1602 2693 κατὰ
1629 2658 1682 2691 Ηι
1716 2658 1720 2703 Ι

307 2716 372 2762 εἰς]
401 2717 433 2752 εἰ
458 2718 491 2750 G
512 2717 518 2762 Ι
539 2718 584 2752 τὸ
612 2718 824 2762 ἔμπροσθεν
851 2718 902 2751 Gf
939 2717 955 2762 ss
998 2718 1040 2751 16
1068 2717 1267 2760 βαδίζοντα
1294 2718 1379 2751 libri
1406 2712 1621 2760 βαδίζοντες
1646 2716 1721 2750 ἙἸ

307 2775 479 2820 ἄπειρον]
504 2777 717 2820 ἔμπροσθεν
743 2778 795 2811 Gr
812 2777 818 2820 Ι
839 2777 884 2811 τὸ
911 2776 1094 2821 suppleuit
1119 2777 1317 2810 Schneider
1501 2794 1505 2795 ν
