1842 3250
171 572 187 598 5

116 645 183 680 351

156 912 187 935 10

153 1259 186 1284 15

154 1622 186 1646 ‘20

694 193 898 225 EPICVRI
928 195 1141 226 PHYSICA
1554 197 1621 231 231

213 304 429 348 Ἐπίκουρος
467 306 683 348 ἐνδέχεσθαι
722 308 788 347 μὲν
829 307 902 341 ὑπὸ
939 308 1095 358 πάχους.
1122 309 1232 351 ἀέρος
1266 314 1335 343 τοῦ
1372 312 1622 352 ὑποκειμένου

215 369 434 411 ὑδατώδους
466 370 577 411 ὄντος
606 361 917 414 ἀνακρουομένην
954 373 1073 414 αὐτὴν
1107 374 1166 406 καὶ
1194 373 1275 407 οἷον
1304 375 1623 419 ὑποτυπτομένην

213 437 411 469 κινεῖσθαι·
457 435 672 477 ἐνδέχεσθαι
709 435 749 469 δὲ
786 437 844 469 καὶ
879 438 1108 479 σηραγγώδη
1143 441 1222 479 τοῖς
1257 440 1462 482 κατωτέρω
1498 441 1624 484 μέρεσι

213 501 459 533 καθεστῶσαν
486 499 560 533 ὑπὸ
586 502 655 534 τοῦ
686 499 1241 544 διασπειρομένου’πνεύματος
1273 503 1324 544 εἰς
1356 504 1422 544 τὰς
1458 504 1624 548 ἀντροει-

214 563 288 605 δεῖς
314 564 536 606 κοιλότητας
563 564 816 605 ἐμπίπτοντος
843 566 1077 600 σαλεύεσθαι.

333 643 486 678 SENECA
512 650 582 677 nat.
609 649 746 687 quaest.
769 652 808 677 VI
828 645 875 678 20
902 645 1099 678 ‘ueniamus
1127 657 1218 678 nuuc
1247 647 1291 679 ad
1320 659 1393 686 eos,
1419 649 1481 691 qui
1506 649 1624 681 omnia

210 710 279 743 ista
305 721 396 753 quae
422 710 542 742 rettuli
566 710 603 741 in
630 720 735 741 causa
764 720 843 742 esse
871 711 1036 742 dixerunt
1063 717 1121 743 aut
1147 722 1189 743 ex
1216 712 1260 743 iis
1289 712 1400 754 piura.
1441 713 1623 746 Democri-

211 781 266 807 tus
293 775 403 817 plura.
445 775 494 806 ait
521 775 613 806 enim
641 780 774 806 motum
803 775 995 817 aliquando
1025 776 1150 817 spiritu
1179 776 1265 814 fieri,
1300 776 1493 818 aliquando
1522 788 1623 820 aqua,

212 840 405 882 aliquando
433 843 583 882 utroque
610 863 757 872 ......
810 839 862 881 (5)
891 850 1014 871 omnes
1041 841 1126 872 istas
1155 851 1232 872 esse
1259 851 1366 883 posse
1391 852 1514 874 causas
1541 843 1624 885 Epi-

212 915 315 936 curus
336 904 384 936 ait
405 904 599 947 pluresque
627 904 714 936 alias
742 909 888 946 temptat
916 910 950 936 et
976 905 1061 937 illos
1089 905 1149 947 qui
1178 906 1314 948 aliquid
1342 917 1448 937 unum
1478 917 1519 938 ex
1545 908 1622 939 istis

212 979 291 1001 esse
311 968 593 1006 adfirmauerunt,
621 969 778 1012 corripit,
807 980 883 1001 cum
912 969 956 1001 sit
983 970 1127 1001 arduum
1154 970 1198 1001 de
1223 970 1278 1002 his
1304 981 1394 1012 quae
1419 971 1623 1003 coniectura

202 1029 393 1075 ¹sequenda
419 1039 500 1065 sunt
528 1033 665 1075 aliquid
692 1033 778 1065 certi
804 1034 1020 1076 promittere.
1068 1044 1164 1074 ergO‚
1192 1041 1230 1066 ut
1256 1035 1315 1071 ait,

210 1106 350 1150 potest
380 1106 530 1137 terram
560 1112 728 1137 mouere
761 1112 880 1149 aqua,
921 1101 953 1136 si
980 1109 1118 1149 partes
1151 1101 1308 1149 aliquas
1341 1102 1438 1138 eluit
1476 1109 1517 1138 et
1549 1103 1623 1139 ad-

211 1174 323 1216 rosit,
353 1173 500 1222 quibus
530 1174 652 1210 desiit
681 1185 804 1222 posse
831 1174 1064 1210 extenuatis
1093 1175 1284 1211 sustineri
1313 1175 1426 1222 quod
1454 1175 1621 1223 integris

212 1247 431 1284 ferebatur.
464 1253 602 1296 potest
632 1254 780 1284 terram
809 1259 977 1284 mouere
1008 1247 1208 1296 impressio
1237 1248 1417 1296 spiritus:
1448 1249 1622 1286 fortasse

211 1320 318 1357 enim
348 1332 443 1358 aere
472 1321 728 1357 extrinsecus
757 1321 837 1358 alio
866 1321 1043 1358 intrante
1068 1321 1258 1368 agitatur,
1291 1320 1464 1358 fortasse
1488 1322 1620 1370 aliqua

209 1399 326 1443 parte
358 1393 495 1430 subito
527 1394 703 1430 cadente
733 1394 959 1442 percutitur
989 1399 1029 1429 et
1060 1394 1156 1429 inde
1186 1400 1342 1430 motum
1375 1395 1496 1442 capit.
1542 1395 1621 1431 for-

211 1473 322 1504 tasse
353 1466 488 1515 aliqua
518 1478 613 1515 pars
644 1472 777 1503 terrae
807 1467 920 1503 uelut
949 1467 1146 1503 columnis
1178 1466 1423 1514 quibusdam
1454 1479 1500 1505 ac
1532 1469 1620 1515 pilis

211 1541 450 1585 sustinetur,
497 1540 643 1589 quibus
683 1540 834 1576 uitiatis
871 1551 920 1577 ac
958 1540 1248 1576 recedentibus
1288 1540 1423 1575 tremit
1458 1539 1622 1588 pondus

211 1614 446 1663 inpositam.
497 1613 673 1650 sortasse
705 1614 841 1650 calida
872 1614 932 1649 uis
964 1613 1128 1662 spiritus
1160 1613 1199 1649 in
1232 1614 1368 1661 ignem
1400 1624 1519 1649 uersa
1550 1612 1622 1649 ful-

331 1776 352 1809 6
379 1786 457 1818 sqq.
490 1786 574 1808 usus
608 1786 685 1808 sum
717 1775 873 1807 lectione
908 1775 1070 1806 codicum
1098 1774 1374 1815 Bambergensis
1401 1775 1461 1814 (B)
1488 1774 1624 1805 Beroli-

211 1835 332 1867 nensis
359 1835 421 1878 (E)
453 1835 643 1867 Leidensis
671 1834 726 1877 (L)
764 1834 1081 1874 XVirzeburgensis
1109 1834 1190 1875 (W)
1224 1845 1243 1865 a
1277 1835 1442 1865 Brunone
1476 1832 1623 1865 Larisch

212 1895 343 1927 Silesio
377 1900 519 1926 enotata
548 1894 706 1936 mihique
737 1893 990 1925 humanissime
1024 1893 1258 1930 commodata,
1298 1892 1432 1924 codicis
1468 1891 1624 1923 Gudiani

211 1952 273 1996 (G)
301 1953 496 1985 secundum
525 1953 682 1985 Fickerti
711 1952 914 1984 testimonia
969 1950 973 1993 Ι
1029 1953 1047 1985 T
1081 1956 1141 1983 aut
1167 1949 1225 1995 ex]
1254 1952 1296 1982 de
1323 1952 1352 1982 B
1387 1949 1392 1993 Ι
1427 1952 1485 1983 lzis
1511 1951 1595 1982 libri
1622 1949 1626 1994 Ι

213 2012 235 2046 8
261 2012 373 2055 plura.
402 2002 465 2056 ait]
492 2014 555 2045 ait.
582 2012 688 2044 Dicit
711 2013 740 2042 B
761 2014 878 2053 plura
904 2016 1018 2053 putat.
1047 2012 1103 2042 ait
1128 2011 1235 2042 ceteri
1259 2010 1372 2052 {fieri
1389 2018 1468 2042 ante
1487 2012 1623 2052 spiritu

213 2071 328 2103 traicit
346 2072 385 2108 L,
415 2077 493 2103 ante
520 2072 723 2114 aliquando
741 2071 770 2102 B
819 2072 824 2112 Ι
871 2070 891 2103 9
919 2080 996 2102 esse
1014 2075 1124 2112 posse
1141 2069 1254 2101 BGL:
1275 2076 1385 2112 posse
1411 2080 1488 2100 esse
1513 2069 1596 2100 EW
1623 2066 1626 2111 Ι

216 2130 260 2163 10
285 2128 386 2174 illos]
414 2131 507 2161 alios
533 2129 618 2161 libri
640 2130 645 2172 Ι
668 2131 822 2172 aliquod
845 2130 927 2161 EW
946 2128 1033 2172 (non
1051 2127 1097 2173 B)
1121 2129 1125 2170 Ι
1148 2131 1259 2160 imum
1285 2129 1316 2160 E
1338 2125 1344 2172 Ι
1367 2139 1411 2160 ex
1437 2130 1518 2160 istis
1545 2132 1623 2159 ante

214 2189 362 2231 aliquid
385 2188 444 2220 dat
460 2188 490 2220 B
537 2187 542 2233 Ι
592 2189 632 2221 11
661 2189 735 2220 lziis
754 2188 785 2220 G
811 2189 862 2219 eis
884 2189 912 2219 L
935 2187 940 2227 Ι
964 2190 1189 2219 coniectatur
1203 2185 1269 2217 W¹
1317 2187 1323 2228 Ι
1374 2186 1418 2220 12
1434 2197 1485 2229 sq.
1506 2190 1627 2228 polest

213 2258 303 2289 ergo
329 2249 385 2279 ait
408 2248 437 2279 B
485 2247 490 2290 Ι
540 2246 582 2281 13
609 2253 645 2280 et
674 2247 714 2280 15
742 2258 885 2279 mouere
903 2247 1014 2279 BGL:
1043 2257 1254 2278 conmouere
1279 2246 1361 2277 EW
1401 2246 1406 2285 Ι
1456 2245 1497 2278 13
1523 2254 1626 2276 arro-

213 2309 266 2340 sit
279 2308 342 2339 BL
360 2309 507 2339 adrasit
526 2307 556 2338 G
579 2310 724 2340 abrasit
739 2308 822 2338 EW
858 2307 862 2350 Ι
907 2307 946 2339 14
967 2304 1147 2350 sustineri]
1167 2306 1343 2349 sufficere
1360 2305 1388 2336 B
1429 2305 1433 2346 Ι
1476 2304 1517 2337 15
1537 2305 1625 2335 fere-

215 2366 332 2412 batur]
363 2369 415 2399 ad
438 2368 693 2399 sustinendum
720 2372 780 2399 sat
805 2371 887 2398 erat
911 2367 940 2397 B
993 2366 998 2406 Ι
1058 2365 1096 2398 16
1124 2376 1189 2396 aer
1215 2365 1256 2407 B,
1276 2365 1358 2395 EW
1384 2375 1448 2395 aer
1475 2368 1511 2395 et
1534 2363 1597 2394 GL
1623 2361 1627 2404 Ι

214 2428 441 2458 extrinsecus
455 2437 513 2458 om
527 2426 611 2458 EW
634 2426 639 2467 Ι
663 2428 828 2458 intrante
842 2425 904 2457 13¹:
926 2427 1090 2456 intrante
1107 2435 1192 2455 aere
1205 2423 1328 2461 B2GL,
1340 2423 1423 2454 EW
1443 2422 1626 2453 emendata

214 2485 368 2517 lectione
392 2485 484 2517 male
508 2485 719 2528 interposita
741 2485 932 2529 'fortasse
950 2484 1118 2516 omissum
1136 2487 1220 2525 post
1240 2484 1366 2524 aliqua
1385 2481 1533 2512 inseruit
1550 2479 1598 2511 L‘-'
1625 2478 1628 2522 Ι

217 2544 259 2576 17
287 2545 415 2587 aliqua
440 2546 558 2576 subito
578 2549 689 2586 parte
712 2546 926 2586 percutitur
953 2544 1136 2575 decidente
1160 2543 1189 2573 B
1230 2542 1235 2583 Ι
1274 2543 1424 2573 cadente
1449 2542 1495 2573 L:
1537 2540 1627 2571 deci-

216 2603 321 2634 dente
337 2602 444 2634 ceteri
466 2602 471 2645 Ι
494 2601 593 2646 inde]
611 2608 729 2635 tamen
745 2601 792 2635 G¹
817 2600 822 2642 Ι
853 2601 896 2634 18
915 2604 1043 2643 aliqua
1059 2611 1116 2632 om
1127 2601 1193 2632 W¹
1218 2598 1223 2643 Ι
1247 2601 1361 2631 uelud
1378 2600 1422 2630 W
1452 2597 1457 2643 Ι
1491 2599 1532 2632 19
1552 2598 1627 2641 qui-

214 2657 299 2703 bus]
326 2661 540 2702 quibusdam
560 2661 590 2693 G
613 2662 618 2703 Ι
641 2659 791 2705 uitiatis]
817 2662 977 2702 inpulsis
995 2660 1024 2692 B
1063 2660 1069 2702 Ι
1107 2659 1154 2692 20
1180 2670 1290 2691 uersa
1308 2659 1355 2690 B:
1383 2669 1493 2690 uersa
1514 2662 1549 2689 et
1564 2657 1627 2689 GL

216 2724 345 2752 uersat
368 2725 403 2752 et
426 2720 510 2752 EW
532 2720 761 2766 [fulminum
789 2720 836 2754 (Ρ
