1842 3250
300 244 367 277 194
779 242 987 274 EPJCVRI
1014 243 1229 275 PHYSICA
1573 244 1612 276 fr.
1643 244 1712 278 273

298 360 363 400 δος
394 362 464 394 τοῦ
497 359 536 393 ἐν
569 359 678 402 τόπῳ
713 359 734 400 ἢ
768 359 838 399 τὴν
868 359 961 400 ὕλην
995 359 1113 392 αὐτοῦ
1146 359 1168 400 ἢ
1202 358 1246 392 τὸ
1282 358 1469 402 διάστημα
1500 359 1544 392 τὸ
1575 360 1712 401 μεταξὺ

296 426 374 458 τῶν
403 424 574 465 ἐσχάτων
605 426 675 456 τοῦ
709 423 951 465 περιέχοντος
983 423 1051 456 τὸν
1085 423 1206 456 τόπον
1240 423 1385 466 ἀνάγκη
1419 424 1513 457 εἶναι
1547 423 1582 465 (ὃ
1615 424 1713 464 τινὲς

297 489 358 522 καὶ
385 490 462 522 τῶν
488 487 676 530 πρότερον
704 487 755 526 ὡς
782 485 818 519 οἱ
844 488 928 529 περὶ
948 486 1192 529 Δημόκριτον
1219 488 1279 520 καὶ
1305 489 1384 520 τῶν
1411 487 1570 530 ὕστερον
1599 488 1649 528 ὡς
1679 487 1715 521 οἱ

297 553 382 595 περὶ
401 551 621 594 Ἐπίκουρον
648 552 708 584 καὶ
733 550 768 584 οἱ
787 538 959 592 Στωικοί,
987 551 1086 590 τινες
1113 551 1152 584 δὲ
1180 551 1240 584 καί
1267 551 1363 584 κατὰ
1381 550 1571 585 Πλάτωνα
1597 555 1714 586 τοῦτο

297 617 365 651 τὸν
391 617 512 650 τόπον
544 617 639 650 εἶναι
671 616 865 656 ἐνόμισαν)
894 615 916 656 ἢ
946 615 992 648 τὰ
1019 616 1160 656 ἔσχατα
1186 618 1256 648 τοῦ
1283 616 1536 658 περιέχοντος.
1590 616 1620 650 εἰ
1647 616 1716 650 οὖν

299 683 416 724 μηδὲν
449 684 527 714 τῶν
559 683 675 723 τριῶν
712 681 824 722 ἐστιν,
865 680 916 720 ὡς
949 679 1067 718 δείξει,
1108 680 1253 722 ἀνάγκη
1288 681 1332 713 τὸ
1365 682 1589 722 λειπόμενον
1622 681 1716 715 εἶναι

297 747 364 780 τὸν
393 747 524 780 τόπον.
576 746 620 793 τὸ
655 746 695 778 δε
731 745 919 786 διάστημα
951 748 1067 778 τοῦτο
1104 744 1140 778 οἱ
1177 745 1243 786 μὲν
1276 746 1360 787 περὶ
1387 745 1629 788 Δημόκριτον
1658 747 1718 779 καὶ

299 810 519 853 Ἐπίκουρον
546 810 657 844 κενὸν
685 811 779 843 εἶναι
806 810 984 849 λέγουσιν
1012 810 1135 849 οὕτως
1163 810 1256 850 ὥςτε
1283 810 1377 843 ποτὲ
1398 810 1464 850 μὲν
1483 811 1718 852 πληροῦσθαι

300 876 486 916 σώματος,
531 875 625 908 ποτε
654 875 693 907 δὲ
721 874 832 907 κενὸν
866 872 1153 907 ἀπολείπεσθαι·
1196 873 1232 906 οἱ
1260 874 1299 907 δέ
1326 873 1567 907 Πλατωνικοὶ
1597 874 1656 907 καὶ
1683 872 1719 907 οἱ

299 940 457 974 Στωικοὶ
478 940 571 973 εἶναι
599 939 666 979 μὲν
693 939 783 972 ἄλλο
811 938 913 980 παρὰ
938 938 986 971 τὰ
1013 938 1171 979 σώματα
1189 937 1317 980 φασίν,
1344 937 1461 972 ἀεὶδὲ
1481 940 1590 979 σῶμα
1609 938 1716 980 ἔχειν,

301 1004 352 1044 ὡς
379 1003 570 1045 μηδέποτε
598 1003 708 1036 κενὸν
737 1002 1018 1038 ἀπολείπεσθαι.

300 1066 540 1102 THEMISTIVS
559 1068 723 1110 paraphr.
741 1068 852 1099 Arist.
868 1068 968 1110 phys.
985 1066 1019 1100 Δ
1036 1067 1058 1099 4
1072 1067 1121 1109 (p.
1135 1066 1222 1099 214ὴ
1242 1066 1300 1110 14)
1317 1068 1338 1100 f.
1351 1067 1415 1100 38⁸¹
1429 1068 1517 1100 Ald.
1533 1066 1659 1109 p.268‚
1673 1066 1718 1099 23

300 1133 432 1175 Speug.
460 1130 627 1165 λείπεται
652 1129 782 1164 τοίνυν
808 1131 906 1172 ἡμῖν,
936 1130 992 1163 ὅτι
1020 1130 1114 1172 μηδὲ
1137 1130 1182 1163 τὸ
1211 1130 1399 1172 διάστημα
1427 1131 1446 1164 ὸ
1467 1131 1585 1170 τόπος
1604 1129 1718 1171 ἐστίν,

300 1196 503 1230 ἀποδεῖξαι.
558 1196 746 1237 διάστημα
781 1196 821 1229 δέ
846 1195 890 1228 τὸ
918 1195 1055 1236 μεταξὺ
1088 1196 1300 1236 νοούμενον
1329 1197 1407 1229 τῶν
1439 1196 1617 1238 περάτων
1649 1197 1719 1229 τοῦ

300 1260 554 1303 περιέχοντος,
597 1259 678 1294 οἷον
712 1260 756 1293 τὸ
790 1260 927 1300 μεταξύ
960 1261 1028 1301 τῆς
1064 1259 1191 1302 κοίλης
1230 1259 1451 1301 ἐπιφανείας
1485 1262 1555 1293 τοῦ
1588 1259 1718 1294 κὰδου,

301 1325 441 1358 παλαιὰ
469 1326 535 1365 μὲν
563 1325 631 1358 οὖν
658 1325 680 1366 ἡ
710 1326 797 1358 δόξα
827 1326 886 1358 καὶ
913 1328 991 1365 τοῖς
1022 1325 1067 1358 τὸ
1093 1325 1203 1358 κενὸν
1231 1324 1438 1366 τιθεμένοις
1461 1325 1721 1367 προσήκουσα,

303 1389 563 1432 ἠκολούθησεν
592 1391 632 1424 δὲ
660 1390 761 1431 ὅμως
786 1390 882 1433 αὐτῇ
912 1390 971 1423 καὶ
997 1390 1017 1423 ὁ
1045 1390 1129 1432 περὶ
1157 1389 1377 1432 Χρύσιππον
1403 1389 1517 1432 χορὸς
1542 1388 1602 1423 καὶ
1627 1387 1721 1422 Ἐπί-

302 1464 438 1496 κουρος
465 1455 637 1496 ὕστερον,
667 1454 877 1488 εἰσποιοῦσι
897 1454 938 1488 δέ
956 1463 1055 1494 τινες
1078 1455 1138 1487 καὶ
1164 1454 1231 1488 τὸν
1253 1453 1445 1488 Πλάτωνα
1471 1456 1526 1496 τῷ
1553 1453 1721 1494 δόγματι.

301 1518 461 1562 ἤρτηται
490 1519 529 1552 δὲ
558 1519 597 1552 ἐκ
625 1520 785 1561 πιθανῆς
812 1520 878 1559 μὲν
906 1517 1037 1560 αἰτίας,
1063 1519 1231 1560 ψευδοῦς
1257 1519 1297 1552 δὲ
1326 1518 1473 1559 ἱκανῶς.
1502 1517 1631 1560 ἐπειδὴ
1650 1517 1723 1560 γὰρ

302 1583 353 1625 εἰς
372 1582 542 1618 ἐπίνοιαν
570 1584 733 1626 ἤλθομεν
762 1585 858 1624 ὅλως
884 1587 954 1618 τοῦ
981 1584 1103 1618 τόπου
1123 1585 1164 1617 ἐκ
1183 1585 1252 1626 τῆς
1271 1583 1626 1625 ἀντιμεταστάσεως
1643 1584 1721 1616 τῶν

303 1646 492 1688 σωμάτων
520 1648 579 1681 καὶ
606 1650 675 1680 τοῦ
702 1646 870 1688 γίνεσθαι
898 1649 1066 1690 συνεχῶς
1096 1648 1230 1681 ἄλλοτε
1258 1647 1351 1681 ἄλλα
1378 1647 1417 1680 ὲν
1446 1649 1500 1690 τῷ
1529 1647 1634 1690 αὐτῷ
1660 1646 1721 1680 τό-

303 1721 375 1755 πῳ,
416 1710 476 1744 διὰ
507 1715 625 1745 τοῦτο
661 1713 790 1754 αὐτοῖς
817 1713 837 1746 ὁ
863 1713 982 1753 τόπος
1015 1712 1142 1746 ἔδοξεν
1176 1713 1270 1746 εἶναι
1301 1712 1346 1745 τὸ
1375 1712 1564 1754 διάστημα
1588 1712 1634 1745 τὸ
1662 1721 1722 1753 με·

302 1775 405 1817 ταξύ,
432 1775 452 1809 ὃ
471 1776 589 1809 ταύτὸ
617 1776 730 1817 μένον
758 1776 1024 1818 ὑπελάμβανον
1047 1777 1299 1818 ὑποδέχεσθαι
1318 1777 1365 1810 τὰ
1385 1775 1724 1817 ἀντιμεθιστάμενα

304 1839 462 1881 σώματα
496 1841 773 1883 κεχωρισμένον
808 1840 970 1874 ἑκάστου
1006 1841 1156 1874 τούτων
1189 1843 1267 1873 τῶν
1297 1840 1494 1875 εἰσιόντων
1521 1839 1721 1881 σωμάτων.

305 1904 416 1946 ἐνῆγε
453 1905 493 1939 δὲ
529 1905 669 1946 αὐτοὺς
705 1904 757 1946 εἰς
791 1905 935 1948 ταύτην
969 1905 1130 1946 μάλιστα
1161 1905 1231 1947 τὴν
1271 1906 1455 1939 ὑπόνοιαν
1491 1905 1538 1938 τὰ
1572 1904 1722 1945 ἀγγεῖα·
1748 1918 1763 1941 2

305 1969 435 2011 ἐπειδὴ
469 1970 541 2012 γὰρ
575 1971 642 2012 τῆς
676 1969 898 2011 ἐπιφανείας
926 1970 965 2004 ἐν
992 1973 1047 2013 τῷ
1075 1969 1239 2014 κεραμίῳ
1272 1971 1339 2012 τῆς
1374 1969 1502 2011 κοίλης
1537 1969 1725 2010 μενούσης

304 2034 371 2075 τῆς
400 2034 516 2076 αὐτῆς
543 2035 603 2068 καὶ
629 2035 977 2078 περιγεγραμμένης
1004 2034 1109 2076 ἰδίοις
1134 2035 1292 2078 πέρασιν
1320 2036 1414 2068 ποτε
1442 2035 1508 2076 μὲν
1535 2034 1638 2076 ὕδωρ
1665 2032 1724 2073 ἑγ-

304 2096 458 2140 γίνεται,
487 2100 580 2132 ποτε
604 2099 644 2132 δὲ
664 2098 736 2141 ἀὴρ
765 2099 804 2132 ἐν
833 2102 887 2142 τῷ
917 2099 1050 2141 σκεύει,
1081 2099 1140 2133 διὰ
1166 2102 1282 2133 τοῦτο
1310 2099 1404 2134 εἶναι
1430 2098 1475 2132 τὸ
1501 2098 1638 2140 μεταξὺ
1656 2098 1725 2139 τῆς

306 2161 433 2205 κοίλης
470 2162 690 2205 ἐπιφανείας
723 2163 910 2206 διάστημα
946 2164 1175 2206 ὑπενόησαν,
1216 2163 1236 2197 ὃ
1264 2163 1382 2197 ταύτὸ
1411 2163 1525 2206 μένον
1559 2163 1724 2196 καὶτῶν

307 2227 496 2268 σωμάτων
525 2228 814 2271 κεχωρισμένον,
853 2229 975 2270 ὥςπερ
1004 2229 1063 2261 καὶ
1090 2228 1112 2270 ἡ
1141 2228 1342 2271 ἐπιφάνεια
1368 2230 1438 2262 τοῦ
1466 2226 1632 2269 ἀγγείου,
1666 2226 1723 2260 δέ.-

1744 951 1775 975 10

1745 1271 1777 1295 15

1746 1592 1780 1617 20

1750 2235 1783 2261 30

306 2293 436 2333 χεσθαι
464 2291 535 2325 ἀνὰ
562 2292 674 2335 μέρος
700 2292 747 2326 τὰ
778 2294 945 2333 σώματα..
988 2292 1066 2326 ἀλλ’
1095 2293 1164 2326 οὐκ
1192 2293 1271 2326 ἔστι
1298 2296 1413 2326 τοῦτο
1447 2292 1559 2333 ὑγιές.
1599 2290 1632 2326 εἰ
1657 2291 1725 2334 μὲν
1768 2327 1770 2330 ,

307 2355 389 2389 οἷόν
422 2367 463 2390 τε
497 2356 543 2399 ῆν
576 2357 687 2390 κενὸν
724 2357 899 2398 σώματος
929 2357 1104 2398 γενέσθαι
1139 2357 1231 2391 ποτὲ
1266 2356 1311 2390 τὸ
1348 2356 1513 2398 ἀγγεῖον,
1553 2355 1646 2396 ἴσως
1679 2355 1725 2389 ἂν

308 2420 489 2464 ἐφωράθη
524 2422 605 2454 καθ’
636 2422 750 2456 ἑαυτὸ
780 2422 824 2455 τὸ
849 2422 1056 2464 λεγόμενον
1082 2424 1198 2455 τοῦτο
1234 2421 1439 2464 διάστημά
1482 2423 1551 2454 νῦν
1582 2420 1622 2453 δὲ
1649 2418 1725 2461 ἅμα

433 2593 448 2623 1
477 2591 499 2633 ἢ
527 2591 549 2633 ἡ
577 2592 647 2634 ὕλη
675 2592 797 2623 Aldus
844 2592 849 2634 Ι
897 2593 917 2625 3
945 2592 1144 2634 προτέρων
1172 2597 1207 2623 et
1233 2591 1405 2634 ὑστέρων
1424 2591 1562 2622 Aldus:
1588 2589 1727 2622 correxi

309 2659 351 2680 ex
377 2649 456 2682 cod.
485 2648 662 2693 O(ceano)
688 2651 931 2682 Laurentiano
980 2649 985 2693 1
1033 2650 1053 2683 5
1080 2651 1175 2684 εἶναι
1202 2650 1250 2681 O:
1279 2660 1336 2681 om
1360 2649 1482 2681 Aldus
1529 2649 1534 2689 ἱ
1584 2648 1606 2681 9
1631 2647 1727 2681 ποτὲ

310 2707 350 2741 δὲ
377 2708 424 2739 O:
452 2709 545 2742 ποτὲ
575 2709 614 2742 δε
641 2710 701 2742 καί
729 2710 901 2741 edebatur
938 2706 944 2753 1
985 2709 1027 2741 17
1056 2708 1168 2751 χορὸς
1194 2708 1426 2740 PVictorius:
1455 2707 1590 2750 χρόνος
1611 2705 1696 2737 libri
1724 2704 1729 2748 Ι

308 2767 351 2800 31
383 2766 465 2811 μὲν]
494 2769 561 2808 μὲν
589 2768 660 2811 γὰρ
687 2770 778 2801 coni.
808 2769 1021 2811 Spengfflius
1069 2769 1074 2808 1
1123 2768 1166 2801 33
1194 2767 1235 2801 δὲ
1262 2778 1318 2798 om
1347 2767 1466 2799 Aldus
