1846 3288
73 1010 103 1034 10

55 1359 100 1392 63

616 228 861 260 EPISTVLA
888 229 1055 260 PRIMA
1502 227 1544 260 19

126 343 153 394 ἡ
185 343 247 395 εἰς
277 343 327 385 τὸ
357 342 541 392 πλάγιον
573 343 642 384 διὰ
680 344 768 384 τῶν
806 343 1031 394 κρούσεων
1069 341 1200 402 φορά,
1247 341 1338 385 οὔθ’
1370 342 1395 392 ἡ
1428 342 1543 383 κάτω

127 416 197 458 διὰ
227 417 316 457 τῶν
347 415 466 457 ἰδίων
506 417 664 468 βαρῶν.
726 415 795 466 ἐφ’
828 415 998 456 ὁπόσον
1030 416 1111 466 γὰρ
1144 414 1197 456 ἂν
1229 415 1405 468 κατίσχῃ
1450 414 1544 456 ἑκά-

127 502 267 540 τερον,
299 488 367 530 ἐπὶ
397 490 615 530 τοσοῦτον
646 487 733 538 ἅμα
764 488 945 538 νοήματι
975 489 1054 538 τὴν
1085 489 1229 539 φορὰν
1259 488 1427 538 σχήσει,
1459 488 1545 538 ἕως

127 557 207 611 (ἄν
231 557 296 609 τι>
325 557 551 612 ἀντικόψῃ,
582 559 607 609 ἢ
631 557 791 600 ἔξωθεν
813 559 837 609 ἢ
862 560 908 600 ἐκ
938 561 1015 600 τοῦ
1048 558 1156 599 ἰδίου
1190 558 1364 610 βάρους.
1416 559 1544 602 Ἀλλὰ

127 632 210 682 μὴν
240 630 310 673 καὶ
340 631 448 673 κατὰ
485 631 563 682 τὰς
600 632 849 682 συγκρίσεις
881 630 989 685 (οὐ)
1020 631 1189 673 θάττων
1225 632 1353 683 ἑτέρα
1391 632 1544 684 ἑτέρας

127 693 362 754 ρὴθήσεται
391 703 480 744 τῶν
511 701 686 752 ἀτόμων
719 701 938 752 ἰσοταχῶν
970 702 1130 754 οὐσῶν,
1167 707 1228 758 τῷ
1263 703 1334 755 ἐφ’
1365 705 1443 746 ἕνα
1475 704 1544 746 τό-

126 789 210 818 πον
240 776 453 827 φὲρεσθαι
485 774 562 825 τὰς
594 774 643 816 ἐν
673 776 764 824 τοῖς
796 774 1084 825 ἀθροίσμασιν
1115 775 1306 827 ἀτόμους
1337 777 1446 819 κατὰ
1467 778 1544 819 τὸν

126 847 357 900 ἐλάχιστον
391 850 552 898 συνεχῆ
581 847 741 899 χρόνον
770 848 795 897 ἢ
828 848 882 897 μὴ
913 848 982 898 ἐφ’
1010 847 1103 889 ἕνα·
1136 847 1247 891 ἀλλὰ
1278 850 1442 892 πυκνὸν
1470 850 1542 891 ἀν-

126 921 416 971 τικόπτουσιν,
464 921 548 970 ἕως
581 920 634 962 ἂν
672 920 757 962 ὑπὸ
798 921 874 970 τὴν
913 920 1116 971 αἴσθησιν
1153 922 1202 963 τὸ
1245 924 1428 973 συνεχὲς
1467 925 1544 974 τῆς

125 986 272 1046 φορᾶς
301 994 478 1044 γίνηται.
537 994 587 1035 τὸ
618 993 701 1044 γὰρ
730 994 1145 1044 προσδοξαζόμενον
1176 995 1273 1045 περὶ
1302 998 1380 1037 τοῦ
1413 994 1543 1046 ἀορά-

126 1080 217 1119 του,
248 1066 310 1118 ὼς
340 1065 425 1118 ἄρα
457 1066 526 1107 καὶ
547 1065 587 1107 οἱ
608 1067 678 1108 διὰ
711 1066 844 1114 λόγου
876 1066 1087 1117 θεωρητοὶ
1118 1067 1266 1117 χρόνοι
1288 1069 1338 1109 τὸ
1361 1070 1544 1119 συνεχὲς

125 1141 202 1190 τῆς
232 1141 378 1190 φορᾶς
408 1139 594 1188 ἕξουσιν,
641 1140 720 1179 ουκ
751 1137 911 1189 ἀληθές
943 1139 1062 1180 ἐστιν
1093 1139 1162 1180 ἐπὶ
1193 1142 1282 1182 τῶν
1312 1141 1543 1182 τοιούτων·

125 1211 218 1253 ἐπεὶ
253 1211 304 1253 τό
341 1224 389 1261 γε
427 1211 733 1262 Θεωρούμενον
771 1213 857 1252 πᾶν
893 1212 917 1261 ἢ
957 1209 1045 1253 κατ’
1085 1213 1290 1263 ἐπιβολὴν
1330 1214 1544 1265 λαμβανό-

126 1298 258 1335 μενον
287 1288 338 1339 τῇ
369 1285 539 1339 διανοίᾳ
571 1283 730 1335 ἀληθές
763 1284 892 1326 ἐστιν.

169 1344 174 1347 ¹
238 1356 361 1399 Μετὰ
405 1358 452 1399 δὲ
495 1359 630 1398 ταῦτα
677 1359 740 1399 δεῖ
781 1360 977 1409 συνορᾶν
1024 1358 1306 1410 ἀναφέροντα
1352 1359 1420 1400 ε’πὶ
1466 1359 1544 1409 τὰς

126 1428 352 1480 αἰσθήσεις
394 1430 462 1471 καὶ
498 1430 552 1470 τὰ
591 1429 704 1480 πάθη
753 1429 889 1482 (οὕτω
928 1431 1009 1481 γὰρ
1048 1430 1073 1480 ἡ
1115 1431 1370 1482 βεβαιοτάτη
1403 1431 1544 1481 πίστις

126 1502 278 1554 ἔσται),
326 1502 389 1544 ὅτι
420 1502 445 1553 ἡ
479 1504 594 1554 ψυχὴ
634 1504 761 1553 σῶμα
800 1505 891 1544 ἑστι
931 1505 1193 1554 λεπτομερὲς
1224 1507 1323 1553 παρ’
1357 1505 1462 1545 ὅλον
1492 1506 1544 1547 τὸ

108 1572 342 1626 ἄθροισμα
366 1577 747 1630 παρεσπαρμένον,
777 1578 1225 1627 προσεμφερέστατον
1258 1579 1303 1618 δε
1334 1583 1542 1621 πνευματι

245 1710 266 1743 4
295 1710 464 1754 βάρους
499 1711 592 1754 πρὸς
625 1711 695 1753 τήν
727 1715 796 1746 τοι)
832 1712 1043 1754 πλήξαντος
1076 1712 1234 1753 δύναμιν
1274 1719 1471 1745 GLOSSEMA
1499 1712 1545 1743 ad

126 1781 159 1802 u.
187 1770 326 1804 ἔξωθεν

245 1829 267 1863 8
294 1828 367 1873 ἐφ’
394 1829 477 1863 ἕνα
504 1829 599 1863 κατὰ
624 1830 714 1870 τοὺς
732 1830 834 1874 λόγῳ
853 1830 1072 1874 θεωρητοὺς
1097 1830 1257 1872 χρόνους
1283 1837 1481 1863 (ιῐ,035ιῑΜΑ
1500 1830 1544 1861 ad

125 1899 159 1920 u.
185 1888 330 1922 πυκνὸν
357 1889 651 1922 ἀντικόπτουσιν

249 2053 264 2086 l
293 2053 317 2095 ἡ
336 2063 393 2085 om
413 2053 428 2085 f
447 2053 453 2096 1
475 2053 668 2097 πλά(γιον)
692 2055 894 2097 conpendio
921 2055 1017 2096 quod
1045 2064 1097 2095 ως
1122 2053 1365 2097 interpreteris
1385 2054 1544 2085 scribunt

124 2110 205 2154 P'Q
226 2111 233 2153 1
255 2109 304 2156 [ἡ]
322 2111 425 2146 κάτω
442 2112 489 2144 P²
506 2111 544 2146 αἱ
561 2112 666 2146 κάτω
681 2114 745 2155 BQ
775 2111 790 2155 ΙΙ
822 2113 844 2145 2
861 2112 921 2146 διὰ
941 2124 996 2145 om
1012 2112 1053 2154 sl
1075 2113 1266 2158 ἑκατέρων
1282 2113 1375 2145 libri.
1403 2112 1544 2155 plagam
1592 2125 1605 2131 -·

125 2175 161 2203 et
182 2171 326 2214 pondus
351 2172 418 2215 Ep.
446 2171 532 2203 dicit
571 2169 588 2214 {1
628 2171 650 2204 3
675 2172 874 2206 τοσουτων
901 2173 930 2203 Β
956 2181 1121 2206 τοσουτο
1147 2173 1212 2214 FO
1242 2172 1247 2214 ἰ
1274 2168 1460 2214 νοήματ[ι]
1486 2171 1515 2202 F
1542 2175 1547 2214 ι

124 2228 278 2272 σχήσειν
296 2230 381 2264 BG(
409 2230 425 2273 ΙΙ
458 2232 481 2263 4
507 2230 554 2264 ἄν
577 2240 613 2264 τι
636 2230 802 2274 suppleui
837 2229 852 2273 Η
887 2232 908 2264 5
936 2231 1008 2273 μὴν
1033 2229 1105 2274 καὶῑ
1136 2231 1229 2274 μηδὲ
1255 2231 1294 2273 Η
1318 2231 1363 2264 οὐ
1383 2231 1519 2262 restitui
1544 2236 1548 2271 ξ

124 2287 276 2322 Θάττων
303 2289 332 2322 s:
367 2291 509 2323 θᾶττον
534 2289 619 2322 libri
655 2290 662 2331 ἱ
698 2290 847 2333 ἑτέρας*
875 2291 904 2321 Ρ
957 2289 972 2333 ῃ
1020 2291 1042 2323 6
1068 2289 1287 2333 οἰσθήσεται
1314 2290 1508 2322 Kuehnius
1543 2287 1548 2333 l

125 2345 196 2390 τῷ]
221 2347 282 2380 καὶ
305 2346 350 2381 τὸ
368 2348 397 2379 F
422 2346 428 2392 1
451 2348 511 2391 ἐφ’
538 2359 595 2381 om
612 2348 646 2391 Q
668 2351 674 2390 Ι
695 2349 826 2383 τόπων
846 2349 877 2381 G
911 2348 926 2392 Η
961 2349 981 2381 7
1008 2348 1282 2393 ἀθροίίσμασινι
1300 2349 1330 2381 Β
1357 2347 1542 2391 ἀθροίσμα

125 2404 171 2436 P'
194 2404 202 2449 Ι
223 2403 334 2449 κατὰ]
361 2406 421 2441 καὶ
448 2406 543 2441 κατὰ
570 2407 655 2439 libri
678 2407 683 2448 Ι
705 2409 783 2440 τῶν
811 2407 1009 2448 (articulum
1037 2418 1094 2440 om
1120 2408 1180 2448 Gf)
1209 2406 1416 2449 ἐλαχίστων
1442 2407 1544 2440 libri:

125 2472 214 2497 corr.
241 2464 460 2499 Meibomius
503 2464 518 2508 11
560 2464 582 2499 8
609 2465 756 2507 συνέχει
787 2467 815 2496 F
839 2466 844 2507 1
866 2465 904 2508 ἢ]
930 2464 962 2500 εἰ
989 2466 1074 2498 libri
1102 2468 1109 2509 Ι
1139 2465 1417 2500 ἀντικόπτωσιν
1443 2465 1543 2498 libri:

125 2532 214 2554 corr.
232 2522 442 2556 Gassendus
475 2522 492 2567 ss
524 2524 546 2556 9
571 2523 618 2558 τὸ
644 2531 725 2556 ame
752 2525 906 2566 συνεχὲς
933 2535 990 2557 om
1015 2509 1066 2556 Bi
1096 2523 1112 2568 ΙΙ
1150 2525 1193 2558 10
1216 2523 1355 2574 Qqfffigj
1378 2523 1544 2566 φω(νῆ)ς

125 2580 156 2612 1⁴·
185 2581 193 2624 Ι
221 2581 378 2624 γένηται
405 2582 458 2614 Gf
503 2581 519 2626 η
572 2584 610 2618 11
642 2583 822 2624 διαλόγου
850 2583 948 2616 BFG
997 2583 1012 2626 ss
1065 2585 1108 2617 14
1132 2584 1229 2617 ἐστι·
1256 2579 1286 2615 F
1339 2582 1353 2625 Η
1413 2584 1454 2616 15
1484 2583 1545 2617 ἐπὶ

125 2649 183 2672 om
208 2639 238 2672 F
279 2638 298 2685 ss
339 2639 383 2675 16
409 2640 538 2684 βεβαία
563 2642 593 2674 F
641 2641 657 2685 Η
708 2643 750 2676 17
777 2641 893 2687 ἔσται]
927 2642 1057 2684 ἄγεται
1083 2643 1113 2674 F
1154 2640 1172 2686 ΙΙ
1217 2641 1259 2675 18
1286 2641 1543 2684 κατεσπαρμέ-

124 2708 193 2732 νον
220 2699 251 2731 F
278 2699 284 2741 Ι
312 2699 406 2743 πρὸς
435 2700 721 2743 ἐμφερέστατον
748 2700 914 2744 BFHPQ
942 2703 947 2742 Ι
975 2700 1177 2743 πνεύματι]
1204 2701 1388 2743 σπέρματι
1415 2701 1443 2732 F
1449 2701 1471 2733 f.
1498 2711 1545 2744 γρ

125 2765 185 2798 mg
209 2756 256 2788 P²
283 2759 431 2802 σπερμά
457 2770 493 2793 τι
520 2760 553 2792 G
1475 2783 1526 2813 2*
