1842 3250
721 391 777 430 111
837 392 1074 432 PHYSICA

93 521 164 555 266
303 513 434 556 οὐδὲν
458 514 592 559 ,ξένον
624 514 672 556 ἐν
702 517 764 568 τῷ
794 515 923 556 παντὶ
967 513 1240 556 ἀποτελεῖται
1270 515 1389 566 παρὰ
1419 514 1496 556 τὸν
1527 514 1607 565 ἤδη

186 586 478 638 γεγενημένον
508 586 670 637 χρόνον
700 585 892 638 ἄπειρον.

187 657 440 692 ΡΣΝΤΑΒΟΗνε
468 664 624 693 stromat.
652 660 693 694 fr.
712 660 734 694 8
760 661 910 693 Eusebii
939 671 1059 704 praep.
1086 672 1213 703 euang.
1233 669 1246 694 1
1264 662 1286 695 8
1306 673 1338 705 p.
1355 659 1419 695 24⁵
1445 661 1607 701 Doxogr.

147 728 164 753 5
186 724 220 764 p.
240 722 385 761 581,19
402 722 519 755 Diels.
552 721 769 766 Ἐπίκουρος
788 751 794 757 .
813 750 820 757 .
837 751 844 758 .
864 724 983 766 φησὶν
1002 751 1009 757 .
1028 751 1034 758 .
1053 751 1058 758 .
1079 724 1138 758 ὅτι
1163 724 1302 759 οὐδὲν
1322 752 1329 759 .
1346 751 1353 759 ,
1371 752 1378 758 .
1399 724 1604 768 ἄπειρον.

236 804 304 836 DE
329 804 520 838 ATOMIS

91 872 161 907 267
308 873 452 908 Amlvs
478 882 491 907 1
511 874 544 914 3,
562 875 608 909 18
625 885 659 918 p.
674 875 742 909 285
759 886 810 918 sq.
830 877 875 909 D.
896 874 1012 919 (Stob.
1033 876 1099 909 ecl.
1118 876 1177 919 ph.
1201 876 1256 915 10,
1277 876 1320 909 14
1346 875 1440 909 Plut.
1461 883 1475 908 1
1495 875 1527 914 3,
1542 873 1605 918 25)

186 938 404 983 Ἐπίκουρος
422 938 630 981 Νεοκλέους
648 939 844 983 Ἀθηναῖος
863 940 958 974 κατὰ
981 940 1223 984 Δημόκριτον
1245 939 1512 983 φιλοσοφήσας
1530 940 1605 983 ἔφη

185 1003 253 1045 τὰς
276 1003 392 1047 ἀρχὰς
409 1006 487 1037 τῶν
506 1003 630 1037 ὄντων
657 1004 816 1046 σώματα
842 1005 944 1049 λόγῳ
971 1004 1156 1047 θεωρητά,
1184 1004 1349 1047 ἀμέτοχα
1368 1006 1493 1046 κενοῦ,
1520 1003 1605 1045 ἀγέ-

130 1078 163 1101 ιο
185 1078 282 1111 νητα
309 1067 561 1111 ἀδιάφθαρτα,
602 1068 690 1102 οὔτε
725 1070 957 1112 θραυσθῆναι
992 1069 1183 1110 δυνάμενα
1215 1069 1305 1103 οὔτε
1339 1068 1537 1103 διάπλασιν
1565 1069 1606 1103 ἑκ

185 1135 263 1167 τῶν
290 1134 416 1177 μερῶν
442 1134 568 1175 λαβεῖν
595 1133 684 1167 οὔτε
712 1133 975 1175 ἀλλοιωθῆναι.
1021 1134 1115 1168 εἶναι
1143 1133 1183 1168 δὲ
1210 1133 1306 1167 αὐτὰ
1331 1134 1434 1178 λόγῳ
1461 1136 1605 1177 θεωρη·

183 1196 232 1231 τὰ
260 1211 276 1228 2
301 1211 317 1227 ι
335 1224 343 1232 .
396 1200 517 1232 ταῦτα
546 1197 675 1240 μέντοι
709 1200 890 1233 κινεῖσθαι
918 1198 958 1232 ἐν
985 1201 1040 1242 τῷ
1067 1201 1165 1243 κενῷ
1198 1199 1258 1233 καί
1292 1198 1351 1233 διὰ
1383 1201 1452 1233 τοῦ
1478 1201 1619 1234 κενοῦ.-

185 1263 279 1297 εῖναι
306 1262 346 1297 δὲ
373 1263 434 1297 καὶ
461 1263 555 1297 αὐτὸ
581 1263 626 1297 τὸ
654 1263 764 1297 κενὸν
792 1264 947 1306 ἄπειρον
975 1264 1036 1297 καὶ
1065 1264 1112 1298 τὰ
1140 1264 1298 1305 σώματα
1325 1264 1469 1306 ἄπειρα.
1506 1262 1604 1307 εἷρη·

183 1337 245 1361 ται
272 1327 313 1361 δὲ
339 1328 480 1370 ἄτομος
512 1328 582 1370 οὐχ
608 1328 666 1362 ὅτι
693 1328 795 1362 ἐστὶν
822 1328 1011 1371 ἐλαχίστη,
1052 1328 1130 1363 ἀλλ’
1158 1328 1216 1363 ὅτι
1247 1329 1291 1363 οὐ
1320 1328 1478 1364 δύναται
1511 1338 1602 1371 τμη·

131 1402 162 1428 15
185 1393 306 1435 θῆναι,
333 1392 482 1435 ἀπαθὴς
508 1392 605 1428 οὖσα
631 1393 691 1427 καὶ
716 1392 901 1435 ἀμέτοχος
927 1396 1049 1427 κενοῦ.

187 1457 230 1490 cs.
257 1456 513 1491 Theodoretus
547 1461 655 1490 curat.
690 1457 813 1494 Graec.
851 1468 916 1490 err.
951 1465 992 1491 lv
1020 1457 1041 1491 9
1075 1469 1109 1499 p.
1133 1458 1199 1491 153
1226 1458 1339 1491 Gaisf.
1373 1466 1402 1490 11
1433 1459 1471 1491 11
1501 1469 1536 1502 p.
1555 1458 1602 1492 62

186 1520 379 1567 [Iustinus]
407 1522 544 1556 cohort.
572 1523 617 1555 ad
643 1527 768 1564 gentes
794 1525 816 1556 4
843 1534 877 1566 p,
898 1523 930 1561 4,
954 1523 967 1555 1
997 1523 1096 1566 Sylb.

183 1586 380 1621 Acmms
406 1587 493 1629 isag.
522 1587 543 1621 3
569 1598 603 1630 p.
621 1589 709 1621 125ιι
726 1588 802 1621 Pet.
831 1587 1048 1631 Ἐπίκουρος
1075 1588 1115 1622 δέ
1143 1588 1163 1622 ὁ
1182 1587 1379 1631 Ἀθηναῖος
1404 1587 1446 1622 ἐκ
1473 1587 1600 1629 σωμά-

181 1662 261 1685 των
286 1654 438 1694 νοητῶν
467 1651 731 1695 σμικροτάτων
757 1651 825 1694 τὰς
852 1651 968 1696 ἀρχὰς
994 1654 1072 1686 τῶν
1099 1652 1200 1687 ὅλων
1227 1651 1322 1687 εἷναί
1347 1661 1458 1696 φησι·
1498 1654 1603 1688 καλεῖ

128 1726 161 1752 ‘20
183 1716 224 1750 δὲ
251 1716 368 1757 αὐτὰς
393 1716 558 1759 ἀτόμους
585 1717 608 1759 ἢ
636 1717 696 1751 διὰ
724 1717 957 1761 σμικρότητα
990 1716 1185 1761 ἀκαριαίας
1216 1718 1322 1758 τινὰς
1348 1718 1465 1758 οὔσας
1489 1717 1512 1759 ἢ
1541 1717 1602 1751 διὰ

182 1781 227 1815 τὸ
253 1781 474 1825 ἀφθάρτους
500 1781 616 1822 αὐτὰς
642 1782 736 1816 εἶναι
759 1783 820 1816 καί
847 1783 896 1824 μή
923 1782 1133 1824 τέμνεσθαι.

183 1843 432 1879 prpomrvs
457 1845 590 1888 philos.
610 1845 657 1879 22
682 1857 716 1889 p.
735 1846 818 1885 572,
834 1846 854 1879 3
877 1847 921 1879 D.
946 1846 1015 1887 τὰς
1041 1846 1081 1881 δὲ
1109 1846 1275 1888 ἀτόμους
1300 1846 1347 1881 τὰ
1375 1846 1600 1890 λεπτομερέ-

304 1959 326 1992 2
353 1960 432 2003 ipsa
456 1961 602 2004 Epicuri
630 1961 741 1993 uerba
760 1960 973 1994 Plutarchus
1001 1966 1039 1993 ut
1064 1961 1100 1993 in
1127 1961 1374 2004 superioribus
1402 1962 1453 1994 sic
1477 1962 1517 1994 in
1543 1961 1599 1995 his

185 2029 327 2051 seruare
360 2019 513 2052 uidetur.
566 2020 727 2063 profecto
766 2020 1015 2077 grauissimum
1055 2025 1108 2051 est
1143 2021 1282 2052 axioma
1317 2025 1352 2052 et
1387 2019 1600 2064 disciplinae

183 2077 380 2120 Epicureae
414 2080 668 2111 necessarium.
719 2079 764 2112 cs.
791 2079 919 2112 Celsus
947 2078 1113 2120 Origenis
1140 2086 1185 2111 IV
1211 2078 1255 2113 67
1283 2089 1317 2122 p.
1337 2079 1408 2111 214
1437 2078 1599 2112 Hoeseh.

181 2136 312 2179 *ὁμοία
346 2136 408 2172 ἀπ’
435 2137 552 2181 ἀρχῆς
583 2138 636 2180 εἰς
667 2137 776 2179 τέλος
809 2138 909 2172 ἐστὶν
937 2138 959 2180 ἡ
990 2139 1068 2171 τῶν
1095 2139 1247 2180 θνητῶν
1280 2137 1446 2180 πρόοδος
1471 2136 1599 2182 [uolgo

181 2195 384 2241 περίοδος],
411 2197 472 2231 καὶ
497 2197 593 2232 κατὰ
620 2197 687 2238 τὰς
711 2197 943 2238 τεταγμένας
968 2196 1240 2240 ἀνακυκλήσεις
1266 2196 1412 2239 ἀνάγκη
1435 2196 1482 2230 τὰ
1501 2196 1597 2230 αὐτὰ

183 2252 239 2288 ἀεὶ
257 2254 318 2288 καὶ
335 2254 534 2296 γεγονέναι
558 2256 619 2290 καὶ
644 2255 817 2291 εἶναικαὶ
836 2255 1006 2289 ἑσεσθαι’
1040 2254 1055 2297 ΙΙ
1093 2256 1136 2288 10
1161 2254 1402 2298 ἀδιάφθαρτα
1420 2255 1597 2288 Stobaeus

181 2312 362 2345 Eusebius
391 2314 568 2358 ἄφθαρτα
587 2315 763 2347 Iustinus:
792 2312 893 2347 ἀίδια
911 2314 1088 2356 ἄφθαρτα
1106 2314 1192 2346 libri
1211 2314 1429 2352 Plutarchei,
1455 2315 1499 2348 ef.
1514 2314 1597 2347 Phi-

140 2363 150 2375 '
181 2370 256 2403 lod.
275 2381 313 2405 π.
334 2373 452 2414 ευσεβ.
473 2384 508 2416 p.
522 2373 581 2412 86,
599 2373 645 2407 30
663 2374 790 2416 Gomp.
819 2371 962 2414 ἀιδίους
988 2372 1231 2415 κάφθάρτους
1253 2374 1259 2416 Ι
1281 2371 1371 2408 οὔτε
1398 2373 1597 2408 διάπλασιν

182 2456 188 2463 .
210 2456 217 2463 .
238 2457 245 2463 .
272 2431 398 2473 λαβεῖν
425 2436 460 2464 et
491 2433 529 2465 11
561 2432 655 2466 εἶναι
683 2460 688 2465 .
711 2459 745 2466 ..
778 2433 820 2466 13
849 2432 984 2475 ἄπειρα
1011 2442 1068 2464 om
1096 2431 1271 2464 Stobaeus
1318 2432 1324 2474 Ι
1363 2431 1404 2467 ἑκ
1429 2433 1508 2466 τῶν
1534 2443 1594 2473 με-

181 2489 259 2529 ρῶν
287 2494 435 2521 testatur
468 2491 572 2523 etiam
598 2491 769 2524 Iustinus.
812 2501 856 2522 an
889 2491 955 2522 suit
982 2490 1189 2533 ἑτέρωθενῖ
1252 2491 1258 2534 1
1323 2491 1367 2524 12
1398 2501 1459 2523 cur
1485 2491 1597 2524 sensi-

180 2546 248 2579 bus
274 2548 383 2580 atomi
409 2549 544 2591 percipi
570 2555 748 2592 nequeant
773 2550 862 2581 ratio
889 2549 1070 2582 intercidit
1117 2550 1122 2590 Ι
1173 2550 1215 2582 13
1241 2553 1325 2591 post
1350 2548 1486 2591 ἄπειρα
1513 2549 1597 2581 Plu-

180 2605 322 2639 tarchus
351 2607 392 2640 fr.
410 2606 492 2641 275.
512 2608 582 2642 270
604 2608 801 2651 interponit
826 2608 906 2641 fort.
935 2617 976 2640 ex
1005 2608 1076 2640 alio
1104 2608 1219 2650 capite
1246 2608 1396 2650 repetita
1434 2608 1440 2650 1
1483 2608 1524 2641 19
1551 2608 1596 2642 cf.

180 2664 342 2698 Lucillus
361 2666 513 2700 Anthol.
532 2668 609 2701 Pal.
630 2675 672 2700 xl
694 2669 762 2701 103
780 2666 834 2701 Ἐξ
852 2667 1006 2709 ἀτόμων
1024 2665 1240 2710 Ἐπίκουρος
1258 2667 1347 2701 ὅλον
1365 2666 1434 2700 τὸν
1452 2667 1595 2708 κόσμον

181 2723 347 2768 ἔγραψεν
375 2725 486 2761 Εἶναι,
519 2729 635 2760 τοῦτο
665 2727 800 2769 δοκῶν,
827 2726 989 2768 “Ἀλκιμε,
1016 2727 1260 2761 λεπτότατον.
1302 2726 1350 2758 id.
1376 2726 1425 2758 ib.
1453 2733 1494 2758 xl
1524 2726 1595 2760 249
