1846 3288
351 202 607 235 EPICVREA
633 204 740 236 CVM
765 203 1145 237 PYTHAGORICIS
1172 203 1341 236 MIXTA
1461 206 1552 239 LXI

141 319 298 357 muthio
343 319 437 356 olim
477 318 768 367 inuestigatam
815 324 854 357 et
896 330 943 355 ex
983 319 1127 356 codice
1167 317 1356 357 Palatino
1398 322 1552 360 editam

143 386 334 436 (Saturae
365 386 625 435 Sauppianae
661 398 698 434 p.
726 388 748 423 7
771 384 892 436 sqq),
936 398 1065 436 nuper
1100 386 1331 424 restitutam
1371 386 1552 435 (Studien

142 467 190 492 zu
221 455 292 491 den
321 453 469 503 grt’ech.
489 453 723 503 storilegien
755 466 794 503 p.
822 455 900 492 162
918 452 1025 504 sqq.)
1056 466 1150 504 pars
1173 454 1388 503 fragmenti
1416 457 1494 496 489
1527 470 1551 494 a

142 521 363 571 Porphyrio
385 522 438 560 30
459 533 499 571 p.
519 521 678 566 293,1s
709 522 860 558 seruati
892 527 1059 571 recepta
1089 527 1153 559 est
1173 533 1213 559 n.
1233 524 1309 560 111
1336 534 1372 571 p.
1394 525 1474 562 184
1489 523 1549 563 Wv

140 588 286 638 (Palat.
317 601 356 628 n.
391 590 442 627 87
479 600 518 638 p.
548 589 615 632 26,
662 587 828 626 Baroce.
868 602 906 627 n.
942 591 1019 627 104
1054 601 1092 639 p.
1125 591 1175 628 17
1207 589 1397 639 Bywat.):
1444 588 1551 639 μάθε

139 654 342 706 δέχεσθαι
374 652 602 705 ἀθορύβως
622 685 631 694 .
651 685 659 694 .
678 685 686 693 .
706 685 715 693 .
734 656 946 696 κοινωνεῖ.

253 735 396 761 uerum
429 725 553 761 etiam
584 723 664 761 alia
684 734 767 760 non
791 725 846 761 ita
877 736 1023 773 pauca,
1057 736 1162 775 quae
1180 723 1425 775 Porphyrius
1442 725 1550 764 Mar-

139 791 263 830 cellae
294 792 455 839 suadet,
487 790 599 840 apud
616 790 847 828 Iohannem
865 791 1091 829 stobaeum
1123 791 1306 829 feruntur
1335 798 1380 829 ut
1402 792 1551 842 Pytha-

137 855 309 908 gorae1.
359 859 473 908 quod
506 858 574 907 qui
605 858 755 907 primus
787 858 1079 896 animaduertit
1109 857 1316 897 Nauckius
1351 860 1372 899 Ι.
1404 873 1446 910 s,
1479 862 1549 898 ob—

139 927 371 964 seruatione
404 926 558 975 optima
589 925 645 963 ita
677 925 772 962 olim
803 936 897 963 usus
919 933 983 963 est
1011 927 1049 963 in
1072 927 1329 975 praefatione
1360 927 1551 965 editionis

137 993 280 1043 prioris
310 1006 349 1043 p.
370 1000 504 1037 XLIII,
536 999 579 1031 ut
601 992 898 1043 Porphyrianas
923 996 1148 1031 sententias
1172 1006 1195 1031 a
1212 994 1396 1031 Iohanne
1428 992 1548 1032 ‘con-

138 1061 262 1099 stanti
299 1072 435 1098 errore
478 1072 562 1098 non
599 1071 675 1098 suo
713 1061 832 1097 tribui
863 1061 1019 1098 auctori
1051 1062 1125 1098 sed
1158 1054 1435 1110 Pythagorae’
1467 1069 1549 1100 sta·

139 1134 271 1166 tueret
301 1136 343 1165 et
373 1128 472 1166 alias
495 1139 660 1177 quoque
678 1127 937 1177 Pythagorae
969 1129 1194 1165 sententias
1217 1141 1240 1165 a
1258 1128 1439 1167 Iohanne
1467 1142 1550 1167 ser-

137 1201 256 1233 uatas
292 1196 481 1232 mutilato
514 1195 723 1244 Porphyrii
758 1196 958 1245 opusculo
999 1195 1238 1233 uindicaret.
1286 1197 1469 1233 oblocuti
1512 1198 1550 1234 ei

137 1269 232 1300 sunt
262 1263 488 1300 rectissime
518 1261 566 1301 O.
592 1262 883 1299 Bernhardtius
904 1261 1233 1300 Wachsmuthius
1264 1263 1366 1309 (Sat.
1396 1265 1549 1313 Saupp.

135 1342 175 1379 p.
197 1329 269 1378 42)
302 1328 641 1367 Gildemeisterus
672 1326 872 1379 (Hermae
906 1336 933 1368 t.
965 1337 1014 1370 IV
1045 1342 1084 1379 p.
1112 1331 1164 1368 83
1193 1342 1253 1379 sq.
1295 1331 1349 1366 ad
1381 1330 1549 1368 Sextum

135 1409 175 1446 p.
196 1395 417 1444 XXXVIII).
461 1398 550 1434 sine
582 1397 706 1435 dubio
740 1396 987 1446 Porphyrius
1022 1398 1319 1435 sententiarum
1344 1397 1546 1447 Pythago-

135 1466 310 1503 ricarum
341 1465 585 1503 collectione
617 1466 798 1514 quadarn
830 1476 929 1502 usus
961 1472 1043 1502 est:
1077 1465 1189 1501 uelut
1222 1466 1262 1501 in
1293 1465 1445 1513 sylloge
1477 1464 1547 1513 Sy—

135 1533 245 1571 riaca
289 1533 395 1570 inter
427 1538 582 1572 XCVIII
619 1533 847 1570 sententias
892 1538 985 1569 sunt
1021 1538 1213 1571 XXXVIII
1258 1544 1282 1569 a
1323 1532 1548 1581 Porphyrio

134 1605 378 1650 usurpatae3
400 1612 449 1638 ac
471 1601 601 1638 simile
622 1601 866 1650 opusculum
882 1600 1088 1638 Iohannes
1111 1600 1313 1638 Stobaeus
1335 1601 1550 1649 excerpsit.

249 1666 331 1706 Sed
362 1668 459 1717 quid
488 1668 546 1704 eis
578 1668 774 1705 faciemus
803 1668 1031 1718 sententiis,
1064 1678 1170 1717 quae
1200 1668 1306 1704 inter
1325 1666 1549 1716 Epicureas

135 1749 160 1775 a
190 1736 414 1786 porphyrio
450 1743 730 1782 recensentur,
771 1735 1030 1786 Pythagorae
1069 1748 1091 1773 a
1124 1735 1307 1772 Iohanne
1339 1735 1549 1771 uindican-

134 1801 225 1842 tur?
254 1804 472 1842 admisceri
501 1803 715 1853 Epicureis
747 1803 1017 1853 Pythagorica
1046 1803 1189 1840 similia
1219 1802 1424 1839 dubitanti
1453 1802 1550 1838 mihi

135 1870 466 1909 Wachsmuthius
501 1871 792 1921 respondebat.
848 1876 890 1908 at
930 1882 1051 1919 quam
1089 1870 1268 1918 ingenue
1311 1869 1343 1906 si
1380 1869 1549 1919 quando

135 1939 304 1976 uocibus
335 1938 549 1988 Epicureis
591 1938 723 1976 aliena
763 1938 987 1988 interponit
1021 1937 1265 1986 Porphyrius
1297 1936 1550 1988 profiteatur,

135 2018 257 2056 supra
285 2006 463 2044 uidimus
493 2018 533 2055 p.
556 2011 651 2045 LIX.
697 2011 738 2043 et
769 2018 851 2043 una
883 2005 1027 2042 saltem
1063 2005 1167 2041 inter
1197 2004 1364 2053 eclogas
1382 2003 1550 2041 Stobaei

134 2080 211 2125 est,
242 2085 365 2123 quam
394 2073 473 2110 nisi
502 2085 553 2109 ex
585 2073 801 2122 disciplina
820 2072 1022 2122 Epicurea
1052 2071 1217 2121 prodire
1248 2082 1331 2108 non
1363 2071 1549 2120 potuisse

133 2141 221 2190 ipse
257 2152 390 2178 sermo
432 2145 591 2189 arguat,
636 2141 701 2177 illa
735 2152 859 2189 quam
894 2139 1064 2189 primam
1096 2139 1227 2187 posui.
1290 2138 1379 2187 Ego
1411 2139 1548 2188 potius

133 2208 172 2245 in
205 2208 312 2246 hanc
340 2208 500 2245 ferebar
521 2208 781 2256 sententiam,
814 2208 1021 2244 exstitisse
1043 2211 1140 2242 ante
1158 2204 1426 2254 Porphyrium
1447 2216 1547 2254 gno-

133 2276 357 2325 mologion,
389 2288 470 2326 quo
504 2275 841 2325 philosophorum
873 2275 1045 2323 eclogae
1076 2284 1159 2310 non
1182 2273 1408 2310 secundum
1430 2285 1547 2323 argu·

132 2345 259 2382 menti
290 2343 427 2393 capita
459 2344 660 2393 digestae,
693 2344 768 2380 sed
799 2347 843 2380 ut
864 2347 1083 2391 excerptae
1106 2340 1292 2389 fuissent,
1321 2341 1395 2377 sub
1419 2341 1550 2378 cuius-

134 2422 217 2461 que
242 2410 451 2459 scriptoris
474 2410 639 2448 nomine
662 2421 806 2447 omnes
829 2409 1014 2446 eiusdem
1042 2408 1274 2445 sententiae
1305 2408 1548 2456 conpositae

133 2484 287 2523 essent,
320 2478 444 2526 idque
477 2477 732 2515 continuisse
762 2483 803 2513 et
833 2476 1078 2525 farraginem
1095 2475 1422 2524 pythagoricam,
1453 2486 1549 2524 qua-

133 2545 191 2582 les
221 2556 304 2582 non
335 2556 488 2595 paucas
521 2545 711 2594 uolgatas
744 2544 868 2581 fuisse
905 2545 1065 2588 scimus,
1107 2549 1149 2579 et
1179 2541 1365 2591 syllogen
1397 2541 1548 2591 Epicu-

133 2624 260 2657 ream,
290 2613 346 2649 de
378 2613 493 2650 cuius
525 2612 640 2650 fonte
668 2612 859 2661 primario
888 2623 1009 2660 supra
1039 2611 1293 2659 disputatum
1324 2616 1400 2646 est.
1443 2610 1549 2646 inter

256 2751 275 2784 1
303 2751 346 2784 cs.
376 2751 672 2784 Waehsmuthius
700 2751 845 2783 Saturae
873 2750 1092 2794 Sauppianae
1120 2761 1153 2792 p.
1172 2748 1230 2789 41,
1245 2748 1278 2782 3.
