1846 3288
289 233 405 265 XXX
411 233 442 265 V
447 232 501 264 111
856 231 1150 264 PRAEFATIO

292 359 486 397 umquam
529 347 699 386 sommia
730 345 1031 385 coniunctionis
1064 346 1183 384 deest
1221 347 1336 386 uelut
1366 344 1476 387 ἀλλὰ
1508 348 1590 397 μὴν
1619 345 1704 398 καί,

288 412 359 454 καὶ
411 412 492 463 μὴν
549 413 618 454 καί
664 415 824 453 similes.
891 413 1118 452 secundam
1168 415 1384 464 epistulam
1422 417 1490 465 qui
1532 415 1703 466 scripsit,

290 482 366 520 nisi
408 483 521 532 quod
559 480 606 522 δὲ
647 483 706 519 bis
749 480 914 519 admisit
947 492 985 530 p.
1007 482 1073 529 49,
1098 482 1121 519 9
1158 489 1200 518 et
1236 483 1303 526 54,
1327 483 1377 521 13
1419 481 1533 531 (nam
1563 485 1629 527 48,
1655 486 1698 522 ll

291 550 373 587 huc
404 549 543 587 referri
572 546 748 599 nequit),
792 548 898 586 hanc
930 548 1046 598 quasi
1077 548 1208 596 legem
1239 556 1405 588 secutus
1437 557 1514 598 est,
1547 558 1589 588 ut
1619 557 1694 589 nul-

291 617 376 655 lum
417 622 543 666 caput
579 616 773 665 superiori
810 622 1061 667 conecteret,
1101 616 1262 654 etiamsi
1298 629 1361 655 res
1395 618 1506 668 ipsae
1543 619 1704 656 uinculo

289 684 461 722 arctiore
502 685 829 721 continerentur:
863 683 976 732 quod
1006 683 1083 720 nisi
1098 682 1361 722 Gassendum
1393 684 1591 730 latuisset,
1621 698 1706 724 non

286 751 399 789 illum
435 763 474 802 p.
495 753 562 795 44,
588 752 611 790 9
643 747 703 790 ἔτι
734 761 780 790 τε
809 747 1032 799 πνεύματα
1063 751 1294 789 terminatio
1319 758 1509 802 corrupta
1539 752 1580 790 in
1610 764 1705 790 eum

289 830 467 857 errorem
505 818 751 868 induxisset,
783 824 828 855 ut
857 818 1008 855 inserto
1033 815 1228 865 γίνεσθαι
1249 815 1429 858 δύναται
1451 831 1605 857 uouum
1637 832 1706 857 ca-

288 893 374 936 put,
418 887 473 923 de
515 885 649 922 uentis
690 885 856 935 scilicet,
898 884 1123 923 inchoaret.
1182 885 1287 923 haec
1329 892 1467 924 autem
1501 886 1707 924 scribendi

289 953 393 991 ratio
421 965 507 991 non
540 953 628 990 eius
669 959 732 990 cst
764 953 830 1002 qui
862 964 935 990 sua
967 953 1128 1003 promit,
1161 959 1271 991 certe
1304 965 1388 991 non
1417 953 1591 1003 Epicuri,
1633 955 1707 992 sed

289 1020 375 1059 eius
407 1021 475 1071 qui
507 1020 640 1058 aliena
676 1020 855 1070 conpilat
885 1020 1162 1070 longiorisque
1185 1020 1474 1070 disputationis
1507 1033 1708 1065 summam

288 1086 602 1138 conprehendit.
651 1089 762 1137 atqui
793 1088 904 1125 hunc
936 1088 1233 1137 conpilatorem
1254 1088 1472 1126 manifesto
1506 1095 1705 1135 tenemus,

289 1167 381 1194 cum
410 1156 545 1194 locum
572 1154 641 1205 qui
685 1161 747 1193 est
777 1156 831 1193 de
868 1155 1069 1193 sideribus
1111 1155 1322 1205 superiore
1354 1161 1472 1205 parte
1502 1153 1707 1206 (θον-98)

289 1227 507 1262 tractatum
544 1222 651 1261 infra
683 1225 760 1262 111
794 1221 852 1273 (p.
873 1224 940 1271 52,
973 1222 1160 1271 4)--116
1207 1228 1414 1270 retractat,
1453 1230 1497 1259 ut
1527 1230 1709 1272 praeter-

291 1290 417 1329 missa
449 1289 650 1341 suppleat.
711 1289 888 1329 dubitari
918 1296 1071 1339 potest,
1110 1291 1342 1328 eandemne
1380 1290 1574 1328 librorum
1611 1287 1709 1339 περὶ

289 1354 473 1408 φύσεως
517 1357 842 1408 disputationem
883 1369 965 1406 qua
1012 1363 1134 1395 antea
1164 1369 1261 1395 usus
1294 1365 1382 1394 erat
1421 1358 1627 1407 repetierit
1657 1371 1710 1395 an

291 1426 439 1463 iterata
473 1425 514 1463 in
547 1426 712 1478 Epicuri
742 1425 848 1463 libris
880 1425 1105 1476 disputatio
1135 1437 1285 1463 caussa
1316 1426 1616 1463 retractationis
1648 1425 1709 1463 fu-

292 1493 385 1532 erit:
419 1504 556 1543 neque
581 1494 690 1532 enim
710 1494 868 1542 mirum,
891 1494 924 1530 si
945 1494 986 1530 in
1008 1499 1181 1533 XXXVII
1202 1492 1276 1530 illis
1299 1492 1406 1530 libris
1430 1500 1470 1530 et
1501 1493 1708 1542 paullatim

289 1572 364 1611 per
402 1560 580 1610 spatium
611 1560 771 1599 circiter
793 1567 859 1601 XV
881 1572 1083 1599 annorum
1106 1567 1147 1597 et
1168 1560 1400 1609 singillatim
1432 1560 1590 1610 scriptis
1623 1561 1708 1598 cdi-

290 1629 426 1678 tisque
453 1628 545 1678 plus
567 1628 694 1665 semel
715 1628 771 1666 ad
791 1629 903 1666 locos
926 1628 1134 1677 grauiores
1162 1627 1333 1677 scriptor
1363 1627 1526 1665 delatus
1557 1634 1634 1673 est,
1667 1629 1710 1666 id

292 1695 407 1745 quod
448 1701 613 1733 constat
649 1696 690 1734 in
731 1695 833 1733 libro
862 1701 1022 1737 XXVIII
1052 1696 1256 1733 euenisse.
1312 1695 1388 1732 sed
1424 1695 1458 1733 si
1489 1696 1709 1733 contuleris

291 1774 400 1813 quae
438 1764 493 1800 de
531 1762 658 1812 signis
701 1762 1006 1813 tempestatium
1045 1762 1272 1812 generatim
1301 1774 1339 1811 p.
1362 1763 1429 1810 43,
1458 1763 1508 1801 12
1530 1774 1604 1812 sq.‚
1641 1775 1711 1800 ex-

294 1830 485 1880 plicatius
503 1842 541 1880 p.
560 1832 628 1875 54,
648 1831 699 1869 13
722 1831 924 1879 leguntur,
947 1841 1032 1867 non
1052 1829 1132 1868 iam
1148 1829 1355 1867 dubitabis
1372 1840 1536 1867 mecum
1557 1835 1710 1868 utrum-

295 1912 374 1951 que
406 1912 456 1937 ex
489 1900 640 1938 eodem
661 1899 825 1950 Epicuri
845 1900 938 1937 loco
969 1905 1169 1949 repetere.
1215 1898 1315 1947 quid
1336 1898 1448 1947 quod
1470 1898 1535 1934 uel
1567 1909 1712 1936 caussa

299 1979 407 2017 quae
443 1968 742 2018 conpilatorem
770 1967 865 2006 ilinc
893 1967 1076 2004 retulerit
1111 1966 1318 2016 hodieque.
1360 1966 1532 2004 diuinari
1562 1970 1711 2015 potest.

297 2035 441 2074 mirum
472 2036 670 2084 ordinem,
703 2047 785 2085 quo
818 2037 895 2074 111
917 2047 977 2085 sq.
1000 2035 1174 2084 primum
1204 2039 1405 2083 cometae,
1435 2034 1534 2071 dein
1566 2033 1710 2071 stellae

297 2102 402 2140 fixae
428 2108 470 2140 et
490 2109 628 2141 motus
659 2102 893 2151 errantium,
924 2107 1135 2152 postremo
1157 2101 1302 2140 stenae
1322 2101 1522 2141 cadentes
1543 2100 1710 2139 iterum-

296 2181 378 2220 que
411 2170 529 2220 signa
559 2170 870 2220 tempestatium
892 2175 1130 2218 tractantur,
1165 2180 1248 2219 qua
1272 2169 1428 2207 ratione
1461 2164 1713 2219 explicabis?

295 2237 480 2276 medium
513 2238 618 2275 inter
648 2238 786 2276 sidera
816 2243 860 2276 ct
890 2248 999 2288 quae
1035 2237 1197 2287 proprie
1232 2241 1420 2274 meteora
1451 2235 1623 2274 dicimus
1655 2235 1714 2272 lo-

294 2316 387 2343 cum
420 2304 564 2344 stellae
596 2304 765 2343 crinitae
788 2301 1003 2354 (κομῆται)
1025 2311 1068 2342 et
1088 2304 1289 2342 cadentes
1311 2299 1595 2356 (διᾴττοντες,
1625 2303 1713 2343 δια-

296 2368 498 2423 θέοντες)
527 2378 668 2410 tenere
698 2372 909 2410 uidentur:
953 2371 1029 2411 has
1059 2377 1104 2409 ut
1134 2369 1378 2409 Aristoteles
1411 2367 1600 2419 (meteor.
1631 2377 1650 2410 Ι
1673 2371 1712 2410 4.

296 2441 321 2478 6
339 2435 422 2490 sq.)
454 2446 496 2478 et
525 2439 671 2478 Aetius
695 2437 767 2490 (ΠΙ
789 2437 828 2491 2)
859 2439 1006 2488 fecere,
1038 2439 1096 2478 ita
1125 2439 1372 2489 epitomator
1401 2438 1506 2476 inter
1529 2444 1714 2476 meteora

296 2506 537 2545 referendas
582 2507 756 2554 censuit,
788 2507 990 2557 Epicurus
1032 2513 1103 2545 aut
1143 2505 1306 2556 egregie
1348 2504 1460 2543 fallor
1500 2510 1570 2542 aut
1608 2505 1715 2543 inter

297 2574 436 2612 sidera
473 2580 733 2614 tractauerat.
793 2574 834 2612 in
874 2574 984 2612 hunc
1013 2573 1134 2623 igitur
1170 2573 1307 2612 locum
1348 2572 1540 2610 remissus
1572 2572 1712 2621 conpi-

298 2643 405 2681 lator
435 2647 657 2693 postquam
690 2642 745 2680 de
775 2642 948 2683 cometis
981 2638 1173 2691 rettulit¹‚
1212 2640 1397 2678 indidem
1429 2641 1482 2678 de
1513 2639 1713 2678 sideribus

418 2777 434 2811 1
465 2776 534 2809 hoe
559 2776 641 2810 loce
669 2778 767 2820 quod
791 2777 905 2810 oratio
937 2788 971 2821 p.
999 2776 1057 2820 52,
1085 2776 1107 2810 8
1142 2788 1160 2810 e
1195 2781 1290 2809 recta
1320 2777 1356 2808 in
1382 2775 1566 2818 obliquam
1593 2775 1712 2807 subito
