1846 3288
573 214 824 248 EPISTVLA
853 213 1090 248 SECVNDA
1495 212 1538 246 51

235 328 336 383 Ἶρις
367 331 529 381 γίνεται
567 330 674 372 κατὰ
712 330 994 382 πρόσλαμψιν
1025 331 1103 371 τοῦ
1134 328 1258 380 ἡλίου
1290 328 1400 380 πρὸς
1432 327 1541 379 ἀέρα

124 403 376 454 ὑδατοειδῆ·
434 403 460 454 ἢ
491 403 599 444 κατὰ
638 404 791 454 κρᾶσιν
830 402 940 444 ἰδίαν
980 405 1059 444 τοῦ
1098 415 1144 443 τε
1176 401 1327 453 φωτὸς
1363 400 1432 442 καὶ
1462 402 1541 442 τοῦ

125 476 269 528 ἀέρος,
300 477 325 527 ἣ
347 476 400 518 τὰ
422 478 510 518 τῶν
540 475 780 527 χρωμάτων
811 476 980 517 τούτων
1013 474 1220 526 ἰδιώματα
1242 472 1416 524 ποιήσει
1438 473 1477 515 εἴ
1494 486 1540 514 τε

124 549 266 591 πάντα
299 548 337 591 εἴ
364 563 410 591 τε
443 551 702 599 μονοειδῶς·
764 547 839 599 ἀφ’
874 546 926 589 οὗ
957 547 1087 589 πάλιν
1119 546 1458 598 ἀπολάμποντος
1489 547 1542 587 τὰ

86 639 102 664 5
125 622 374 674 ὁμοροῦντα
419 624 496 664 τοῦ
543 621 674 673 ἀέρος
719 623 882 671 χρῶσιν
935 620 1139 670 τοιαύτην
1192 619 1392 670 λήψεται,
1445 618 1542 660 οἵαν

32 703 102 737 110
125 697 388 746 θεωροῦμεν,
436 696 544 737 κατὰ
575 694 859 745 πρόσλαμψιν
888 695 999 744 πρὸς
1029 694 1082 734 τὰ
1112 693 1230 744 μέρη.
1296 691 1356 734 Τὸ
1386 692 1435 734 δὲ
1465 694 1543 742 τῆς

124 767 402 821 περιφερείας
439 770 570 809 τοῦτο
602 768 840 819 φάντασμα
871 767 1033 815 γίνεται
1065 766 1134 808 διὰ
1164 766 1214 806 τὸ
1245 765 1296 806 τὸ
1328 764 1543 815 διάστημα

123 841 342 884 πάντοθεν
385 840 484 883 ἴσον
526 841 610 882 ὑπὸ
647 843 725 891 τῆς
770 839 922 891 ὄψεως
964 841 1234 891 θεωρεῖσθαι,
1281 838 1304 888 ἢ
1347 838 1543 879 σύνωσιν

124 912 328 964 τοιαύτην
360 914 682 965 λαμβανουσῶν
713 913 801 953 τῶν
834 912 881 953 ἑν
912 915 973 966 τῷ
1005 910 1098 962 ἀέρι
1131 910 1308 962 ἀτόμων
1328 911 1355 961 ἢ
1378 910 1426 951 ἐν
1451 912 1543 962 τοῖς

73 1003 103 1028 ιο
125 987 308 1038 νέφεσιν
343 984 430 1027 ἀπὸ
466 987 545 1027 τοῦ
583 984 706 1036 ἡλίου
746 984 1096 1036 ἀποφερομένων
1135 983 1417 1036 περιφέρειάν
1447 996 1543 1025 τινα

124 1060 348 1101 καθίεσθαι
377 1059 455 1109 τὴν
486 1059 711 1110 σύγκρισιν
742 1058 914 1108 ταύτην.

236 1131 378 1183 (Ἀλως
408 1132 505 1183 περὶ
535 1133 613 1183 τὴν
644 1132 836 1182 σελήνην
875 1131 1035 1181 γίνεται
1067 1131 1136 1172 καὶ
1163 1130 1381 1172 πάντοθεν
1413 1128 1544 1180 ἀέρος

123 1205 492 1257 προσφερομένου
530 1206 640 1255 πρὸς
676 1205 755 1255 τὴν
794 1205 984 1255 σελήνην
1013 1204 1038 1254 ἢ
1077 1203 1130 1245 τὰ
1169 1203 1240 1245 ἀπ’
1274 1202 1408 1253 αὐτῆς
1449 1201 1543 1254 ῥεύ-

126 1291 237 1329 ματα
276 1277 587 1329 ἀποφερόμενα
625 1277 802 1329 ὁμαλῶς
843 1277 1195 1327 ἀναστέλλοντος
1228 1276 1296 1317 ἑπὶ
1325 1278 1545 1318 τοσοῦτον

71 1366 103 1392 15
126 1350 196 1403 ἐφ’
229 1350 339 1393 ὅσον
375 1350 517 1405 κύκλῳ
554 1353 813 1401 περιστῆσαι
853 1349 914 1401 εἰς
955 1351 1004 1391 τὸ
1043 1350 1273 1401 νεφοειδὲς
1312 1351 1444 1391 τοῦτο
1476 1349 1545 1389 καὶ

126 1424 181 1475 μὴ
220 1424 271 1466 τὸ
308 1423 514 1474 παράπαν
555 1425 776 1474 διακρῖναι,
821 1423 846 1473 ἢ
888 1423 955 1464 καὶ
993 1423 1070 1464 τὸν
1106 1423 1224 1474 πέριξ
1262 1421 1371 1473 ἀέρα
1411 1421 1545 1471 αὐτῆς

125 1496 477 1547 ἀναστέλλοντος
507 1497 767 1547 συμμέτρως
803 1495 1020 1537 πάντοθεν
1057 1495 1117 1546 εἰς
1149 1496 1198 1537 τὸ
1229 1495 1463 1546 περιφερὲς
1494 1494 1544 1535 τὸ

37 1575 100 1608 111
126 1568 224 1620 περὶ
264 1568 398 1619 αὐτὴν
440 1569 508 1609 καὶ
547 1569 792 1619 παχυμερὲς
838 1571 1108 1618 περιστῆσαι.
1169 1568 1194 1609 ὃ
1233 1568 1396 1617 γίνεται
1436 1566 1544 1608 κατὰ

0 1391 3 1445 ί

274 1704 288 1736 1
317 1704 402 1747 περὶ
430 1703 548 1746 ἴριδος
580 1711 746 1736 RVBRIGA
775 1704 804 1734 F

69 1773 104 1800 20
250 1763 292 1796 10
318 1762 684 1806 ἀποφερομένων
711 1762 864 1804 ἀτόμων
909 1770 1120 1795 EMENDATA
1147 1770 1286 1795 mec'rio
1313 1772 1347 1795 u.
1368 1761 1390 1794 9
1416 1763 1545 1803 τομῶν

249 1927 263 1960 1
291 1926 362 1970 ἶρις
379 1928 409 1960 Ρ
431 1928 435 1969 Ι
460 1929 555 1962 κατὰ
575 1955 581 1962 .
599 1956 605 1961 .
624 1955 630 1962 .
652 1929 671 1960 2
691 1928 712 1970 ἢ
741 1939 797 1960 om
818 1929 846 1960 f:
876 1929 957 1960 add.
973 1929 1169 1961 Sambucus
1193 1930 1198 1968 Ι
1220 1931 1290 1962 τοῦ
1311 1929 1354 1961 F:
1381 1928 1455 1962 ὑπὸ
1474 1930 1544 1961 τοῦ

124 1985 255 2028 reliqui
303 1986 318 2029 ΙΙ
367 1986 388 2019 2
413 1987 509 2021 κατὰ
536 1988 678 2031 κρᾶσιν]
705 1988 786 2021 κατ’
814 1987 925 2029 (κατὰ
951 1988 988 2019 Η
1015 1999 1071 2019 om
1095 1987 1125 2029 s)
1153 1987 1264 2030 ἀέρος
1289 1987 1404 2028 φύσιν
1427 1987 1509 2019 libri
1537 1986 1547 2032 ᾗ]

126 2044 146 2078 3
173 2042 213 2088 ἠ]
232 2044 255 2086 ἣ
274 2045 362 2077 BHf
380 2046 385 2086 Ι
407 2047 549 2079 τούτου
568 2046 585 2077 f
614 2046 629 2089 ΙΙ
663 2048 683 2079 5
711 2049 842 2089 χρῶσιν
863 2047 878 2078 f
898 2050 901 2087 Ι
924 2044 1122 2089 τοιαύτην]
1141 2049 1262 2080 ταῦτα
1278 2046 1332 2084 Ff,
1358 2056 1404 2089 γρ
1423 2056 1482 2086 mg
1499 2045 1546 2078 1³²

125 2103 270 2147 ταύτην
298 2105 406 2136 ceteri
429 2105 435 2147 Ι
457 2103 540 2138 οἷον
568 2106 584 2136 s
621 2105 637 2148 11
682 2104 702 2139 6
727 2104 771 2138 τὸ
800 2105 1024 2137 Gassendus:
1053 2105 1099 2138 τὰ
1125 2105 1208 2137 libri
1242 2103 1259 2149 11
1294 2105 1314 2137 7
1340 2105 1386 2138 τὸ
1414 2103 1473 2148 τὸ]
1501 2104 1546 2138 τὸ

51 2166 56 2169 “
125 2165 195 2197 τοῦ
221 2163 251 2195 Β
276 2164 322 2197 τὸ
350 2164 366 2195 s
402 2164 418 2207 ΙΙ
459 2165 481 2197 8
505 2166 590 2198 ἶσον
617 2164 693 2197 ΒΡ1
737 2164 752 2207 11
795 2164 816 2198 9
845 2164 998 2205 ἀτόμων
1026 2165 1260 2196 Meibomius:
1295 2166 1424 2205 τομῶν
1450 2164 1546 2197 libri.

126 2221 191 2254 sed
216 2222 259 2255 cf.
284 2222 308 2254 l.
336 2223 384 2257 20
423 2222 439 2266 ss
486 2223 530 2256 10
555 2222 675 2267 ἡλίου]
703 2223 821 2257 αὐτοῦ
849 2223 992 2265 ἀέρὀς
1019 2223 1103 2265 (hoc
1122 2234 1155 2255 u.
1175 2233 1233 2255 om
1252 2222 1314 2266 13¹)
1341 2230 1546 2265 προσφε-

126 2280 327 2323 ρομένου
356 2281 468 2324 πρὸς
494 2282 578 2324 τὴν
605 2281 806 2325 σελήνην
834 2282 929 2314 libri.
965 2282 1074 2313 uerba
1093 2282 1184 2313 male
1205 2292 1246 2313 ex
1265 2292 1299 2314 u.
1318 2281 1359 2314 12
1376 2292 1427 2324 sq.
1447 2291 1548 2325 prae-

126 2343 227 2382 repta
252 2340 372 2372 deleui
397 2346 589 2383 praeeunte
615 2341 880 2374 CFHermanno
910 2342 1043 2372 ztscler.
1054 2341 1093 2384 f.
1114 2343 1146 2373 cl.
1166 2342 1433 2372 altertlmmsw.
1456 2340 1548 2373 1834

126 2408 161 2440 p.
179 2398 242 2431 111
269 2398 275 2440 l
297 2397 599 2442 ἀποφερομένων
619 2427 625 2432 .
642 2427 649 2433 .
669 2427 674 2433 .
694 2426 699 2433 .
720 2400 762 2433 12
782 2400 972 2433 πάντοθεν
992 2410 1048 2431 om
1065 2400 1123 2430 Ff:
1145 2399 1301 2430 restituit
1320 2399 1519 2431 Sambucus
1540 2396 1551 2441 ἒ]

131 2457 169 2489 11
200 2459 391 2491 καθεῖσθαι
417 2458 500 2491 libri
527 2458 706 2493 καθέσθαι
734 2469 765 2491 s:
794 2469 882 2491 corr.
904 2459 1121 2490 Meibomius
1145 2456 1150 2500 1
1173 2457 1243 2499 τὴν
1263 2459 1310 2489 B:
1338 2456 1390 2498 εἰς
1416 2457 1486 2499 τὴν
1511 2457 1548 2489 Η

127 2516 221 2557 PQs
263 2515 279 2559 ΙΙ
325 2515 366 2549 12
393 2516 492 2558 ἅλως
518 2517 615 2558 1²²9:
644 2517 744 2557 ἄλως
769 2517 799 2549 Β
830 2517 952 2557 ἄλλως
979 2516 1082 2548 HP's
1105 2517 1110 2558 ἱ
1134 2514 1233 2560 περὶ]
1261 2515 1357 2549 κατὰ
1383 2517 1411 2548 Β
1440 2516 1446 2558 l
1474 2514 1547 2559 καὶ]

128 2574 188 2607 καὶ
216 2574 310 2608 κατὰ
336 2575 419 2607 libri
461 2574 477 2619 ΙΙ
521 2577 563 2608 14
589 2575 751 2619 ὁμαλῶς]
778 2576 927 2616 ὁμαλῶς
954 2576 1014 2608 καὶ
1041 2576 1070 2606 F
1101 2573 1107 2619 1
1139 2574 1420 2609 ἀναστέλλοντα
1447 2575 1546 2606 libri:

129 2633 452 2667 cornMeibomius
486 2633 501 2677 1]
541 2636 581 2668 Ιῑ)
607 2637 830 2677 περιστῆσαι
855 2633 918 2678 εἰς]
947 2634 1029 2677 περὶ
1055 2635 1123 2675 τῆς
1148 2633 1200 2674 εἰς
1226 2634 1310 2666 libri
1337 2633 1547 2678 περιστήσῃ

129 2691 347 2724 Meibomius
369 2692 375 2735 Ι
398 2693 458 2726 καὶ
485 2703 541 2725 om
560 2693 589 2724 F
623 2692 638 2736 Η
677 2695 718 2726 16
744 2692 972 2736 τοπαράπαν
998 2693 1044 2724 P2
1068 2693 1073 2733 Ι
1098 2692 1266 2735 διακρίνη
1294 2692 1379 2724 libri
1401 2693 1406 2733 1
1430 2693 1548 2734 αὐτῆς

129 2748 222 2793 ἀέρα
249 2751 278 2782 Β
317 2749 335 2796 Ι]
379 2751 422 2784 17
446 2752 650 2795 περιφερὲς
676 2757 711 2784 et
736 2752 950 2795 παχυμερὲς
975 2751 1225 2795 praedicantur

1497 2810 1552 2839 4*
