1846 3288
308 252 375 285 DE
401 251 622 285 EPITOME
647 250 1010 284 EPISTVLARVM
1035 248 1242 282 EPICVRI
1417 248 1483 280 LV

70 378 143 410 tes.
190 376 332 409 natum
364 374 426 408 est
455 381 506 406 ex
536 367 612 405 illis
645 367 908 417 epistularum
941 366 1093 415 eclogis
1128 365 1246 415 quasi
1282 376 1482 414 gnomo-

71 438 244 488 logion
276 436 486 487 quoddam
509 435 820 485 Epicureum.
867 434 979 484 quod
1011 432 1073 483 (ut
1093 433 1176 472 dixi
1198 433 1253 471 ad
1275 445 1313 482 p.
1332 433 1424 480 132,
1440 429 1484 480 3)

71 517 243 543 necesse
281 509 345 542 est
383 503 489 542 inter
525 502 659 541 fontes
703 503 1044 552 gnomologorum
1084 512 1227 539 eorum
1265 512 1368 550 quos
1408 510 1484 536 usu

71 573 259 611 nouimus
289 572 500 609 habeatur.
553 569 614 608 his
644 570 752 607 enim
791 577 952 619 praeter
988 568 1224 618 Epicurum·
1245 578 1330 605 non
1368 566 1482 604 suere

72 640 223 689 cogniti
254 637 332 677 nisi
362 637 626 675 Metrodorus
659 636 885 686 Polyaenus
918 635 1207 675 Hermarchus.
1254 647 1303 672 ac
1334 633 1484 671 Iohan-

71 719 144 745 nes
176 707 377 744 Stobaeus
407 705 631 744 Metrodori
671 710 769 741 octo
801 705 969 754 eclogas
1008 704 1187 742 seruauit
1224 703 1296 741 ecl.
1332 701 1415 739 eth.
1447 713 1482 739 c.

73 776 139 824 31,
161 775 213 812 67
243 786 282 823 p.
305 774 399 824 213,
424 774 477 812 10
498 771 701 810 Wachsm.
732 771 817 810 flor.
848 778 933 810 XVI
956 772 1009 809 20
1039 777 1139 810 XLV
1161 771 1212 809 26
1243 766 1329 821 (LII
1351 771 1388 807 7.
1413 763 1485 818 8?)

71 848 172 881 LXII
189 843 242 880 44
272 846 385 880 CXVI
401 842 454 879 42
485 845 637 879 CXVIII
655 839 720 883 33,
753 838 943 887 Polyaeni
968 839 1072 876 duas
1093 839 1164 877 ecl.
1189 837 1270 875 eth.
1295 848 1329 876 c.
1349 838 1412 882 15,
1430 837 1484 875 44

71 920 112 958 p.
137 909 229 953 192,
254 909 303 946 16
321 906 383 946 W.
410 913 452 944 et
472 907 556 944 flor.
581 912 726 945 CXXIV
746 907 793 943 31
831 906 971 950 (etiam
1005 906 1116 955 apud
1134 904 1358 943 Maximum
1379 916 1413 942 c.
1432 904 1483 942 36

71 989 107 1026 p.
131 977 212 1014 627
235 973 456 1024 Combef.)‚
486 974 725 1012 Hermarchi
759 986 879 1012 unam
909 974 995 1012 flor.
1027 979 1181 1013 XCVIII
1207 974 1273 1012 31.
1323 971 1485 1021 supple-

71 1049 213 1081 mento
254 1050 346 1081 sunt
375 1042 580 1080 Maximus
617 1042 744 1079 abbas
787 1048 828 1078 et
860 1041 1062 1078 Antonius
1094 1039 1332 1088 monachus,
1375 1039 1486 1077 unde

74 1123 155 1148 una
187 1110 325 1160 prodit
356 1109 562 1148 sententia
590 1121 700 1146 noua
723 1108 952 1146 Metrodori
974 1109 1083 1146 Max.
1109 1109 1159 1145 42
1192 1119 1228 1157 p.
1250 1106 1330 1146 638
1364 1105 1487 1144 Com·-

75 1178 151 1217 bef.
170 1179 322 1215 Antou.
353 1184 390 1217 11
411 1178 463 1216 89
495 1189 534 1225 p.
553 1177 646 1226 153,
680 1175 876 1224 Polyacni
908 1182 989 1213 tres
1011 1175 1120 1213 Max.
1146 1176 1168 1213 6
1191 1186 1228 1224 p.
1248 1176 1343 1224 550,
1375 1173 1485 1213 Max.

73 1247 128 1285 43
159 1258 198 1296 p.
224 1246 305 1284 639
337 1250 377 1282 et
409 1243 562 1282 Anton.
593 1251 610 1282 1
631 1244 680 1281 51
717 1255 757 1293 p.
779 1244 845 1292 57,
877 1243 987 1280 Max.
1012 1244 1062 1280 62
1094 1255 1132 1292 p.
1159 1244 1239 1281 674
1272 1248 1314 1279 et
1335 1241 1488 1280 Anton.

74 1315 182 1353 1180
211 1325 249 1362 p.
270 1313 368 1358 1463
402 1311 654 1356 Hermarchi,
686 1316 881 1360 quantum
914 1311 1053 1360 uideo,
1086 1310 1239 1347 nullum
1272 1310 1383 1360 apud
1413 1320 1488 1346 eos

75 1387 140 1418 est
183 1379 414 1428 uestigium.
462 1391 545 1415 non
575 1378 707 1428 magis
744 1378 822 1416 hoc
856 1377 1006 1416 dixeris
1046 1389 1143 1415 casu
1183 1376 1335 1414 sactum
1367 1388 1490 1425 quarn

75 1448 190 1498 quod
219 1459 355 1496 neque
387 1445 540 1485 Colotis
571 1458 708 1495 neque
740 1445 912 1484 Leontei
946 1444 1081 1494 (cuius
1112 1444 1304 1482 nouimus
1336 1444 1489 1494 epistu-

75 1515 157 1554 lam
191 1516 244 1553 ad
278 1514 608 1565 Lycophronerm
651 1513 701 1552 cf.
733 1514 828 1552 adn.
862 1514 916 1551 ad
948 1525 985 1562 p.
1011 1514 1104 1558 175,
1129 1511 1173 1561 7)
1205 1524 1341 1563 neque
1379 1513 1490 1549 adeo

77 1582 293 1622 Idomenei
338 1583 484 1631 ecloga
530 1581 611 1618 ulla
657 1581 891 1631 adponitur.
952 1580 1071 1618 facile
1114 1580 1223 1618 enim
1268 1579 1490 1630 perspicias

75 1657 269 1700 quattuor
299 1649 406 1687 uiros
438 1650 527 1687 illos
559 1661 734 1700 quorum
763 1649 961 1687 extabant
982 1649 1190 1698 epitomae
1222 1648 1490 1698 epistularum

73 1730 113 1768 p.
139 1719 232 1769 132,
256 1719 280 1756 3
318 1730 369 1755 eo
413 1717 560 1755 ordine
597 1718 813 1762 recenseri,
863 1723 906 1754 ut
938 1717 1132 1766 cuiusque
1172 1716 1302 1754 maior
1331 1723 1421 1754 erat
1450 1722 1493 1754 et

75 1785 298 1824 auctoritas
328 1790 371 1822 et
401 1786 637 1835 eclogarum
668 1785 802 1835 copia.

186 1853 296 1890 idem
315 1852 613 1903 gnomologion
633 1853 818 1891 existimo
840 1865 863 1890 a
887 1852 930 1890 L.
949 1852 1152 1889 Annaeo
1175 1851 1377 1897 Seneca,
1400 1863 1493 1889 cum

75 1921 342 1971 epistularum
372 1921 429 1958 ad
448 1919 649 1958 Lucilium
677 1920 800 1958 libros
831 1919 1012 1970 quinque
1044 1918 1198 1968 priores
1230 1915 1314 1967 (ep.
1336 1915 1491 1969 1—52)

75 1989 282 2034 scriberet,
311 1988 463 2026 cotidie
494 1987 534 2025 in
567 1999 711 2025 manus
744 1993 951 2036 sumptum
983 1998 1089 2035 esse,
1120 1986 1230 2022 uncle
1261 1985 1379 2022 utiles
1414 1985 1492 2022 sibi

76 2058 292 2107 amicoque
320 2056 544 2095 sententias
575 2055 745 2093 tolleret.
796 2054 860 2092 hic
883 2054 1049 2104 Epicuri
1074 2059 1234 2091 tantum
1265 2053 1494 2091 sententias

75 2136 311 2177 paucasque
341 2124 571 2163 Metrodori
609 2122 692 2173 (ep.
726 2125 792 2170 81,
829 2125 876 2161 11
912 2128 952 2160 et
983 2122 1170 2159 eiusdem
1201 2120 1405 2171 epistulae
1436 2121 1493 2158 lo-

77 2205 150 2232 cos
177 2205 240 2244 ep.
274 2193 340 2240 98,
372 2194 396 2232 9
438 2199 479 2231 et
518 2194 585 2238 99,
617 2188 689 2242 25)
735 2191 873 2241 elegit,
925 2189 1121 2239 Polyaeni
1167 2188 1494 2239 Hermarchique

77 2261 242 2312 eclogas
274 2260 441 2311 spreuit.
487 2260 562 2298 sed
597 2272 649 2297 ne
688 2259 762 2296 has
796 2258 964 2309 quidem
1008 2257 1191 2295 defuisse
1224 2256 1494 2306 gnomologio

77 2341 154 2366 suo
185 2329 274 2378 ipse
304 2328 418 2366 haud
448 2328 621 2366 obscure
652 2327 833 2365 indicare
865 2338 928 2376 ep.
960 2326 996 2371 6,
1020 2327 1043 2363 6
1077 2325 1174 2363 mihi
1205 2324 1369 2361 uidetur
1392 2321 1453 2362 M
1453 2337 1495 2361 e-

78 2397 324 2433 trodorum
360 2400 396 2433 et
423 2395 768 2433 Hermarchum
806 2399 841 2431 et
872 2393 1164 2441 Polyaenum
1195 2404 1355 2442 magnos
1388 2391 1495 2428 uiros

78 2476 154 2500 non
186 2463 317 2500 schola
341 2462 559 2511 Epicuri
583 2463 653 2500 sed
680 2461 966 2499 contubernium
985 2460 1102 2512 fecit.
1150 2470 1221 2497 cur
1251 2459 1359 2496 enim
1392 2458 1495 2496 inter

79 2530 354 2568 nobilissimos
375 2530 540 2580 Epicuri
570 2530 792 2580 discipulos
822 2529 948 2566 etiam
966 2528 1218 2577 Polyaenum
1248 2531 1494 2570 recenseret,

80 2599 148 2648 qui
183 2598 466 2637 Metrodorum
512 2603 554 2635 et
595 2596 892 2635 Hermarchum
930 2596 1039 2633 solos
1085 2595 1139 2632 de
1186 2606 1357 2631 numero
1399 2605 1496 2630 exe-

79 2666 153 2703 mit
185 2671 226 2704 et
266 2666 356 2716 ipso
388 2665 566 2715 Epicuro
597 2670 764 2703 auctore
796 2661 859 2713 (fr.
895 2664 993 2712 192)
1025 2675 1090 2712 ep.
1126 2664 1191 2713 52,
1225 2663 1248 2700 3
1267 2673 1327 2712 sq.
1359 2666 1402 2698 et
1432 2672 1496 2697 se-

81 2733 261 2770 cundum
293 2733 460 2771 scholae
493 2744 610 2770 usum
641 2743 706 2781 ep.
738 2732 802 2779 33,
836 2733 861 2770 4
907 2730 1016 2779 apud
1044 2730 1135 2766 istos
1175 2728 1366 2777 quicquid
1405 2727 1501 2764 dicit

82 2799 361 2849 Hermarchus,
396 2800 588 2849 quicquid
605 2798 870 2843 Metrodorus,
902 2799 958 2835 (τά
984 2810 1101 2835 unum
1131 2793 1323 2847 refertur.
1368 2796 1496 2832 omnia
