1846 3288
395 259 462 292 DE
486 260 743 293 EPITOMAE
770 261 909 293 APVD
936 260 1171 293 SENECAM
1199 259 1293 292 VSV
1448 260 1554 294 LVII

143 377 409 417 clamationes
449 379 655 416 aSSumere
693 377 823 427 iisque
864 385 986 428 prout
1023 389 1086 415 res
1118 376 1254 427 poscit
1286 377 1344 414 uti
1376 376 1552 415 alienum

148 446 221 484 erit
252 442 430 485 oratori‘.

255 513 449 552 Miramur
480 512 660 551 Stoicum
691 512 892 551 Senecam
923 514 1036 563 quod
1066 512 1297 563 philosophi
1330 510 1554 550 aduersarii

145 582 198 621 de
229 580 537 631 cupiditatibus,
569 581 623 619 de
656 580 831 625 fortuna,
865 581 918 617 de
940 586 1070 618 morte
1102 580 1327 618 sententias
1354 584 1438 617 tam
1469 585 1553 617 stu-

143 649 260 688 diose
282 654 430 688 tractat
448 645 474 687 ¹.
521 660 604 687 non
635 649 808 699 primum
842 649 947 685 inter
975 648 1137 686 Stoicos
1164 649 1275 686 illum
1305 648 1360 685 de
1377 647 1553 696 Epicuro

144 716 315 767 aequius
337 715 541 755 iudicasse
573 715 689 754 facile
712 716 905 754 conicias.
953 728 1001 755 ac
1024 728 1121 754 sane
1141 716 1301 754 Attalus
1324 715 1407 753 eius
1435 727 1553 765 prae·

142 791 285 835 ceptor
316 784 541 824 sententias
572 795 675 833 quas
693 782 853 822 Seneca
884 784 1106 822 memoriae
1137 783 1318 834 prodidit
1350 782 1461 820 haud
1492 794 1552 820 se-

144 853 224 890 mel
254 852 458 903 Epicureo
490 852 622 889 colore
653 852 850 889 distinxit.
898 852 1009 889 uelut
1039 865 1146 902 quae
1178 853 1234 889 de
1264 851 1457 889 felicitate
1489 864 1551 889 sa-

140 921 288 971 pientis
325 920 508 969 disputat
539 920 652 969 apud
682 919 880 958 Senecam
912 933 976 969 ep.
1012 927 1073 961 CX
1106 922 1157 960 18
1187 926 1229 958 et
1267 921 1320 958 20
1351 930 1435 957 non
1469 925 1553 956 tam

141 1000 190 1026 ex
228 987 387 1038 porticu
425 986 587 1024 sublata
629 993 724 1025 sunt
765 1000 887 1037 quam
920 1000 968 1025 ex
1000 988 1120 1026 horto
1156 984 1225 1037 (cf.
1259 987 1302 1027 fr.
1335 983 1449 1035 602).
1493 985 1552 1024 iu·

141 1056 393 1094 cunditatem
424 1055 616 1104 adeoque
647 1050 944 1104 ‘uoluptatem’
978 1068 1068 1093 cum
1087 1055 1152 1093 ille
1177 1054 1217 1092 in
1238 1055 1460 1093 amicorum
1481 1054 1553 1091 de-

141 1124 374 1163 functorum
413 1122 610 1164 memoria
648 1122 784 1160 inesse
825 1124 949 1161 docet
988 1123 1100 1170 (Sen.
1136 1135 1200 1174 ep.
1231 1130 1352 1163 LXIII
1381 1121 1438 1173 5),
1478 1123 1554 1160 ite-

140 1205 229 1231 rum
250 1192 471 1241 Epicurum
503 1191 687 1240 sequitur
717 1187 783 1239 (cf.
816 1191 860 1229 fr.
888 1194 965 1231 186
997 1199 1037 1230 et
1069 1188 1177 1242 213).
1223 1191 1322 1240 quid
1355 1192 1469 1241 quod
1499 1192 1553 1228 de

142 1260 421 1311 oppugnanda
452 1259 615 1301 fortuna
647 1270 770 1308 quam
802 1259 947 1298 similia
980 1259 1142 1297 Attalus
1159 1259 1442 1309 Epicurusque
1463 1271 1554 1308 pro-

141 1327 239 1365 fessi
270 1333 422 1377 essent,
454 1339 505 1364 ne
538 1327 740 1365 Senecam
772 1328 937 1376 quidem
970 1328 1072 1377 fugit
1102 1339 1165 1377 ep.
1193 1333 1329 1367 LXVII
1353 1325 1431 1366 15?
1469 1328 1553 1366 Ra-

141 1395 222 1433 rius
253 1401 297 1432 et
323 1395 380 1433 ita
410 1401 454 1432 ut
485 1400 627 1433 contra
655 1407 810 1433 morem
843 1396 1006 1433 solitum
1041 1394 1174 1433 facere
1209 1395 1464 1433 auditoribus
1493 1395 1550 1432 ui-

140 1464 307 1501 deretur
337 1462 550 1508 Musonius
581 1463 793 1514 Epicureis
830 1475 927 1501 usus
972 1470 1047 1514 est,
1093 1470 1135 1501 ut
1175 1464 1284 1513 apud
1326 1463 1550 1501 stobaeum

139 1531 253 1570 floril.
268 1538 372 1571 XVII
389 1533 441 1570 43
473 1544 511 1581 p.
536 1532 614 1569 354
638 1531 766 1569 Gaisf.
799 1529 896 1581 περὶ
916 1530 963 1572 δὲ
985 1532 1154 1581 τροφῆς
1187 1527 1328 1571 εἰώθει
1350 1530 1427 1580 μὲν
1447 1530 1550 1570 πολ-

141 1594 261 1648 λάκις
293 1596 433 1646 λέγειν
463 1596 531 1638 καὶ
562 1595 676 1638 πάνυ
708 1597 999 1648 ἐντεταμένως
1028 1632 1036 1639 .
1062 1630 1069 1638 .
1096 1632 1102 1638 .
1129 1632 1136 1639 .
1168 1596 1309 1639 ἅπαξ
1347 1596 1393 1637 δέ
1426 1609 1550 1637 ποτε

139 1666 248 1706 τῶν
290 1662 465 1706 ἄλλων
509 1663 776 1717 ἀφέμενος
823 1664 989 1714 λόγων
1030 1666 1108 1717 οὓς
1145 1663 1354 1707 ἑκάστοτε
1386 1664 1554 1718 διεξῄει,

139 1731 286 1774 τοιάδε
316 1732 412 1774 τινὰ
443 1731 573 1779 εἶπεν,
605 1732 668 1784 ὼς
700 1734 780 1785 χρὴ
819 1734 904 1774 κτλ.
951 1733 1050 1782 (uid.
1083 1734 1127 1774 fr.
1160 1736 1241 1773 459
1274 1746 1311 1783 p.
1339 1734 1431 1778 297,
1462 1730 1552 1782 27);

139 1802 249 1840 idem
271 1807 408 1840 tamen
426 1802 635 1852 Epicureis
658 1804 839 1852 criteriis‚
873 1804 1084 1852 uoluptate
1116 1808 1157 1839 et
1179 1801 1337 1848 dolore,
1365 1801 1420 1838 ad
1452 1806 1551 1838 tem·

138 1869 368 1919 perantiam
398 1872 773 1910 commendandam
795 1873 920 1909 utitur
942 1872 1053 1921 apud
1076 1870 1300 1908 Stobaeum
1321 1868 1407 1907 flor.
1423 1876 1452 1908 V
1478 1870 1552 1916 763

139 1936 194 1974 de
225 1937 432 1975 sententia
463 1937 575 1976 Stob.
608 1939 694 1978 flor.
725 1947 742 1979 1
774 1940 825 1978 83
857 1936 927 1990 (cf.
950 1939 1025 1989 Ep.
1049 1937 1093 1976 fr.
1118 1932 1233 1986 490),
1266 1936 1434 1986 quando
1465 1937 1553 1986 qui-

141 2004 236 2041 dem
267 2004 500 2054 singillatim
529 2006 705 2057 ponitur,
737 2019 820 2044 non
852 2007 990 2055 liquet.

253 2073 329 2110 sed
361 2073 463 2111 ultra
496 2073 687 2123 progredi
719 2074 826 2112 licet.
874 2086 957 2111 non
989 2073 1180 2122 equidem
1211 2072 1358 2122 loquor
1389 2071 1443 2108 de
1460 2070 1553 2108 Axi-

139 2139 246 2178 ocho
276 2140 455 2190 dialogo,
489 2141 602 2179 cuius
634 2142 807 2192 scriptor
836 2143 936 2179 dum
968 2142 1172 2192 Epicurea
1205 2152 1294 2177 cum
1334 2138 1554 2177 Platonicis

139 2207 412 2259 Orphicisque
449 2210 660 2259 conponit,
705 2222 757 2246 ne
796 2210 922 2247 sensit
959 2209 1123 2259 quidem
1163 2219 1287 2258 quam
1327 2207 1555 2257 pugnantia

140 2276 330 2315 sociaret.
376 2277 450 2314 sed
485 2277 566 2315 Iam
598 2276 843 2315 Posidonius
867 2277 1087 2326 Epicurum
1118 2282 1162 2313 ut
1195 2280 1342 2312 testem
1371 2274 1552 2312 ueritatis

140 2344 276 2395 aliquo
298 2345 426 2383 modo
448 2346 632 2384 admisit:
666 2345 819 2383 factum
842 2346 921 2382 hoc
943 2356 1036 2382 esse
1058 2345 1096 2381 in
1118 2339 1408 2394 protreptic‹>2‚
1442 2342 1554 2379 unde

140 2410 467 2450 Tusculanarum
498 2413 824 2462 disputationum
847 2418 970 2462 caput
995 2412 1107 2461 quod
1140 2411 1283 2460 legitur
1315 2410 1384 2449 l.V
1416 2411 1481 2459 24,
1500 2411 1553 2448 68

263 2583 280 2616 1
307 2583 379 2617 ‘De
405 2584 540 2617 Seneca
559 2581 750 2627 Epicureo’
780 2585 960 2624 eleganter
986 2593 1098 2625 nuper
1126 2583 1289 2615 disseruit
1309 2583 1420 2614 Osear
1436 2583 1554 2614 XVeis-

141 2641 274 2674 senfels
312 2643 346 2675 in
383 2650 639 2685 programmate
672 2643 818 2684 collegii
848 2642 974 2675 Gallici
1010 2642 1252 2674 Berolinensis
1290 2653 1319 2674 a.
1349 2641 1451 2681 1886,
1486 2642 1554 2673 hoc

140 2701 287 2734 maxime
312 2702 532 2744 probaturus,
563 2702 684 2740 multa,
718 2702 748 2734 si
781 2713 853 2734 rem
881 2706 1015 2743 spectes
1043 2712 1114 2733 non
1140 2702 1259 2740 uerba,
1285 2702 1376 2733 inter
1402 2701 1553 2733 Zenonis

142 2760 336 2793 doctrinam
364 2766 398 2793 et
424 2761 633 2804 Epicuream
661 2762 861 2794 communia
889 2772 978 2795 esse.

261 2817 283 2852 ²2
310 2819 354 2852 de
372 2830 443 2863 quo
462 2819 504 2853 cf.
519 2820 650 2853 Bakius
670 2820 790 2853 Posid.
808 2831 841 2864 p.
863 2819 931 2854 945
951 2819 1131 2853 Hirzelius
1149 2825 1287 2854 auteurs,
1304 2829 1350 2854 111
1368 2831 1401 2864 p.
1415 2818 1485 2854 347
1501 2829 1554 2862 sq.
