1842 3250
158 374 228 408 418

160 842 231 877 419

159 2081 230 2113 420

158 2292 227 2325 421

252 258 321 291 282
750 257 861 289 EPIC
869 260 956 290 VRI
983 259 1169 292 ETHICA

374 370 629 405 PLVTARCHVS
656 377 780 404 contra
805 374 951 415 Epicuri
979 374 1237 406 beatitudinem
1265 374 1306 406 31
1336 385 1370 417 p.
1393 373 1503 408 11071‘
1539 374 1666 409 τοιαύ-

252 447 323 480 την
342 437 469 480 χώραν
497 436 649 478 ἡδονῶν
675 438 875 471 τοσούτων
894 436 1109 480 Ἐπίκουρος
1136 437 1354 480 ἐκτέμνεται
1380 439 1440 472 καί
1461 437 1566 482 <ἑπί>
1585 442 1667 480 ταῖς

253 501 294 535 ἑκ
313 503 411 535 θεῶν
440 500 594 543 ἐλπίσιν,
623 501 747 545 ὥςπερ
775 501 929 544 εἴρηται,
957 502 1016 535 καὶ
1043 502 1189 545 χάρισιν
1217 501 1489 545 ἀναιρεθείσαις
1516 504 1570 537 ἔτι
1596 504 1665 537 τοῦ

253 567 486 609 θεωρητικοῦ
519 566 564 600 τὸ
594 567 801 609 φιλομαθὲς
833 568 892 600 καὶ
924 570 993 601 τοῦ
1023 570 1232 610 πρακτικοῦ
1266 568 1311 601 τὸ
1344 568 1542 610 φιλότιμον
1574 567 1667 602 ἀπο-

251 630 457 672 τυφλώσας
493 629 545 671 εἰς
578 631 716 665 στενόν
751 641 786 665 τι
820 632 953 675 κομιδῇ
993 632 1053 665 καὶ
1092 632 1182 666 οὐδὲ
1222 631 1388 675 καθαρὸν
1421 631 1472 665 τὸ
1508 631 1579 666 ἐπὶ
1613 634 1667 675 τῇ
1692 640 1709 665 5

253 693 386 736 σαρκὶ
417 695 497 734 τῆς
529 696 675 735 ψυχῆς
710 696 872 736 χαῖρον
905 693 1120 728 συνέστειλε
1155 695 1216 727 καὶ
1242 694 1423 736 κατέβαλε
1452 695 1524 738 τὴν
1551 697 1668 738 φύσιν

254 757 305 798 ὡς
331 758 457 798 μεῖζον
486 755 628 797 ἀγαθὸν
655 759 724 790 τοῦ
749 756 794 790 τὸ
822 756 937 790 κακὸν
963 757 1119 799 φεύγειν
1147 757 1260 791 οὐδὲν
1285 756 1459 799 ἔχουσαν.

375 837 518 872 CICERO
548 839 653 871 Tusc.
682 838 773 881 disp.
801 846 847 871 111
873 838 931 877 20,
960 841 1004 873 47
1047 839 1159 871 ‘idem
1185 840 1232 871 ait
1258 850 1330 872 non
1357 850 1516 872 crescere
1542 840 1669 883 uolup-

254 907 361 934 tatem
393 903 520 935 dolore
553 903 714 935 detracto
750 913 992 945 summamque
1026 914 1102 935 esse
1133 903 1354 945 uoluptatem
1388 903 1481 936 nihil
1513 904 1669 938 dolere'.

254 967 389 999 ibidem
417 967 530 999 ‘nunc
555 973 671 999 autem
698 977 868 999 summam
895 968 1115 1011 uoluptatem
1144 977 1223 1000 esse
1249 968 1380 1001 dolore
1407 968 1554 1003 carere’.
1695 982 1727 1006 ιο

255 1032 299 1064 de
318 1032 376 1064 fin.
398 1040 422 1064 Π
442 1031 474 1070 9,
490 1032 536 1065 28
562 1032 617 1064 ‘ut
644 1037 750 1072 neget
776 1033 945 1064 accedere
965 1032 1153 1074 quicquam
1171 1043 1280 1075 posse
1307 1033 1350 1065 ad
1376 1034 1600 1076 uoluptatem
1618 1034 1669 1066 ui·

253 1097 306 1128 hil
325 1095 508 1129 dolentis'.
543 1095 586 1127 cf.
604 1102 627 1127 [Ι
647 1095 700 1134 13,
717 1095 759 1127 41
781 1094 1052 1137 ‘Hieronymus‚
1072 1095 1129 1126 cui
1148 1105 1317 1127 summum
1337 1095 1471 1127 bonurn
1491 1100 1544 1127 est
1561 1095 1669 1134 idem,

254 1162 351 1204 quod
378 1171 444 1193 uos
471 1160 648 1192 interdum
674 1159 734 1191 uel
761 1159 881 1202 potius
907 1158 1054 1190 nimium
1080 1169 1186 1202 saepe
1213 1159 1344 1197 dicitis,
1375 1159 1466 1192 nihil
1491 1159 1645 1194 dolere'.

254 1224 509 1258 PLVTARCHVS
537 1230 658 1257 contra
677 1225 822 1267 Epicuri
849 1225 1105 1256 beatitudinem
1133 1225 1152 1256 7
1176 1235 1208 1267 p.
1229 1223 1338 1257 1091b
1363 1227 1437 1267 φεῦ
1463 1226 1533 1267 τῆς
1559 1224 1669 1267 μεγά-

253 1291 320 1332 λης
338 1289 480 1331 ήδονῆς
505 1291 582 1323 τῶν
610 1288 760 1331 ἀνδρῶν
787 1289 846 1321 καὶ
873 1288 1161 1330 μακαριότητος,
1188 1289 1234 1330 ἣν
1262 1291 1495 1331 καρποῦνται
1522 1288 1670 1332 χαίρον-
1698 1298 1728 1324 ι5

253 1364 314 1394 τες
341 1354 401 1387 ἐπὶ
427 1357 482 1397 τῷ
510 1354 559 1395 μὴ
596 1355 825 1387 κακοπαθεῖν
860 1354 952 1395 μηδὲ
986 1355 1183 1387 λυπεῖσθαι
1210 1354 1294 1396 μηδ’
1324 1353 1461 1395 ἀλγεῖν.
1516 1353 1572 1397 ἄρ’
1602 1353 1671 1388 οὖν

254 1418 356 1452 ἄξιόν
381 1418 483 1452 ἐστιν
503 1418 564 1452 ἐπὶ
588 1419 738 1459 τούτοις
757 1418 851 1460 μέγα
870 1421 1029 1461 φρονεῖν
1050 1418 1109 1451 καὶ
1128 1418 1250 1459 λέγειν
1270 1418 1293 1452 ἃ
1312 1418 1499 1460 λέγουσιν,
1527 1418 1672 1461 ἀφθάρ-

252 1494 344 1524 τους
362 1484 422 1517 καὶ
445 1482 617 1524 ἰσοθέους
637 1483 920 1524 ἀποκαλοῦντες
940 1483 1079 1523 αὑτοὺς
1099 1484 1158 1516 καὶ
1183 1483 1228 1516 δι’
1249 1483 1460 1525 ὑπερβολὰς
1478 1483 1538 1517 καὶ
1561 1482 1673 1525 ἀκρό-

252 1558 369 1590 τητας
396 1546 549 1589 ἀγαθῶν
576 1546 627 1588 εἰς
654 1547 854 1589 βρόμους
881 1548 941 1580 καὶ
969 1547 1262 1588 ὀλολυγμοὺς
1289 1547 1582 1590 ἐκβακχεύοντες
1607 1547 1672 1590 ὑφ’

253 1612 404 1655 ἡδονῆς,
431 1613 585 1647 ὅτιτῶν
606 1613 728 1646 ἄλλων
756 1615 1080 1655 περιφρονοῦντες
1108 1610 1382 1655 ἐξευρήκασι
1409 1612 1518 1654 μόνοι
1545 1613 1670 1646 Θεῖον
1694 1622 1728 1647 20

253 1677 425 1718 ἀγαθὸν
452 1678 524 1711 καὶ
551 1677 664 1719 μέγα
693 1676 737 1710 τὸ
765 1678 884 1719 μηθὲν
915 1677 1012 1718 ἔχειν
1039 1676 1176 1717 κακόν;

252 1741 496 1775 LAOTANTIVS
531 1742 639 1775 diuin.
673 1742 783 1774 instit.
817 1749 862 1774 111
890 1743 924 1780 8,
959 1742 1000 1774 10
1040 1741 1291 1784 ‘priuationem
1324 1741 1462 1774 doloris
1495 1752 1669 1774 summum

253 1809 386 1840 bonum
412 1814 535 1851 putare
570 1819 641 1840 non
673 1808 779 1850 plane
807 1807 1128 1850 Peripateticorum
1156 1816 1194 1838 ac
1221 1806 1434 1844 Stoicorum,
1474 1806 1538 1838 sed
1572 1806 1671 1838 clini-

254 1883 373 1905 corum
400 1871 699 1916 philosophorum
729 1878 792 1903 est.
837 1872 916 1914 quis·
945 1871 1037 1903 enim
1065 1882 1135 1903 non
1163 1871 1348 1911 intellegat
1379 1871 1422 1902 ab
1449 1870 1604 1911 aegrotis
1634 1875 1669 1902 et

253 1938 290 1970 in
318 1938 437 1980 aliquo
466 1937 592 1969 doIore
619 1937 747 1980 positis
776 1947 855 1968 esse
880 1936 949 1968 hoc
977 1935 1216 1978 disputatum?
1270 1935 1356 1977 quid
1384 1940 1454 1966 tam
1482 1934 1671 1967 ridiculum
1694 1939 1728 1965 25

255 2013 358 2046 quam
385 2003 421 2034 id
449 2002 581 2034 babere
609 2012 673 2044 pro
700 2011 836 2033 summo
864 2002 973 2038 bono,
1002 2001 1100 2043 quod
1126 2001 1285 2033 medicus
1311 1991 1427 2043 possit
1453 1998 1576 2031 dare?²

377 2082 633 2117 anmncnvs
661 2084 740 2116 adu.
767 2083 922 2115 Coloten
947 2082 992 2115 27
1018 2094 1052 2125 p.
1077 2082 1184 2115 11232
1209 2081 1254 2115 τὸ
1283 2082 1322 2115 δὲ
1349 2081 1470 2115 πόνου
1497 2081 1557 2115 καὶ
1583 2080 1672 2123 ἡδο-

255 2151 326 2189 νῆς
350 2149 466 2191 μηδὲν
493 2149 587 2183 εἶναι
613 2149 728 2190 μέσον
754 2148 823 2182 οὐκ
850 2147 1109 2190 ἀποφαίνεσθε
1137 2146 1237 2190 παρὰ
1264 2147 1334 2188 τὴν
1361 2146 1517 2179 πάντων
1544 2144 1671 2187 αἴσθη-

258 2220 328 2254 σιν,
368 2213 525 2255 ἥδεσθαι
550 2213 595 2247 τὸ
623 2214 672 2255 μὴ
701 2213 828 2254 ἀλγεῖν
854 2212 915 2246 καὶ
941 2215 1072 2246 πονεῖν
1098 2212 1143 2246 τὸ
1171 2212 1219 2253 μὴ
1250 2207 1449 2254 ςῆδεσθαι)
1480 2210 1670 2251 λέγοντες

378 2292 681 2327 Ommmonossvs
720 2293 756 2326 in
794 2294 956 2326 Platonis
993 2293 1183 2325 Philebum
1224 2303 1258 2335 p.
1277 2292 1348 2325 275
1374 2291 1501 2324 Stallb.
1555 2291 1613 2325 ὅτι
1651 2291 1671 2324 ὁ
1696 2298 1739 2325 30<

378 2435 399 2467 2
427 2436 486 2470 ἐπὶ
515 2436 696 2479 suppleuit
722 2436 928 2477 Maduigius
955 2436 1035 2468 adu.
1063 2443 1077 2468 1
1104 2435 1173 2469 675
1209 2435 1213 2476 1
1249 2435 1269 2467 3
1295 2433 1365 2478 ἔτι]
1393 2434 1454 2469 ἐπὶ
1480 2434 1577 2472 libri,
1604 2434 1671 2467 del.

258 2493 462 2535 Maduigius
497 2493 512 2536 Η
549 2494 591 2526 16
611 2492 696 2538 οὐν]
716 2495 785 2528 οὐκ
804 2495 888 2526 libri
928 2491 932 2537 Ι
975 2495 1015 2527 17
1041 2492 1150 2538 μέγα]
1170 2495 1230 2527 καὶ
1249 2494 1331 2526 libri
1355 2495 1359 2538 1
1383 2492 1617 2537 ἀφθάρτους]
1636 2497 1674 2524 ut

256 2563 362 2595 supra
374 2563 408 2595 p.
425 2553 503 2591 145,
518 2553 538 2585 6
575 2551 580 2595 Ι
614 2553 657 2585 21
679 2553 835 2585 conicias
853 2553 1030 2594 μέγιστον
1051 2552 1095 2586 τὸ
1131 2553 1135 2596 Ι
1170 2552 1214 2585 23
1230 2555 1439 2595 cynicorum
1453 2557 1531 2584 ante
1550 2553 1671 2583 Ianum

258 2611 474 2643 Gulielmum
497 2611 695 2652 legebatur.
727 2622 873 2643 acumen
891 2611 1015 2650 Tullii,
1041 2611 1110 2643 nisi
1130 2611 1242 2653 ipsius
1262 2610 1435 2643 Antiochi
1453 2610 1589 2649 Ascal„
1616 2620 1673 2642 cu-

255 2669 311 2700 ius
331 2675 424 2700 certe
441 2674 493 2701 est
507 2670 650 2711 partitio
672 2670 924 2702 sententiarum
940 2670 985 2701 de
1003 2681 1139 2702 summo
1160 2671 1270 2707 bono,
1288 2680 1390 2712 quam
1404 2670 1444 2701 L.
1463 2669 1483 2701 1.
1498 2682 1524 2702 s.
1542 2669 1574 2705 7,
1586 2669 1605 2701 7
1620 2679 1672 2711 sq.

256 2729 423 2771 proponit
451 2727 457 2772 Ι
487 2729 849 2771 24plzil0soplzorum
863 2730 1000 2762 deleuit
1014 2731 1287 2761 Buenemannus
1318 2729 1333 2772 ΙΙ
1364 2729 1409 2762 27
1426 2740 1476 2771 sq.
1493 2729 1534 2761 cf.
1551 2729 1591 2761 fr.
1602 2728 1670 2760 397

254 2798 288 2831 p.
304 2787 441 2825 26Q11
486 2788 491 2829 ί
532 2786 577 2819 29
604 2787 751 2833 πονεῖν]
777 2788 935 2831 πάσχειν
962 2789 1046 2821 libri
1074 2791 1079 2830 l
1108 2789 1267 2831 ἥδεσθαι
1286 2788 1467 2831 suppleuit
1485 2787 1671 2830 Wyttenb.
