1842 3250
154 1025 162 1033 .
180 1007 202 1031 V

227 241 295 273 184
683 240 888 272 EPICVRI
915 239 1172 271 CANONICA
1495 240 1535 270 sr.
1561 239 1633 271 250

226 355 335 396 δόξας
360 355 406 389 τὸ
436 355 552 398 μηδὲν
584 356 723 396 μᾶλλον
757 354 851 389 εἶναι
883 357 988 388 τοῖον
1014 354 1037 396 ἢ
1065 357 1170 389 τοῖον
1197 353 1437 398 Ἐπικουρείῳ
1470 354 1629 395 δόγματι

226 420 403 463 κέχρηται
428 422 483 462 τῷ
518 419 666 459 πάσας
701 420 818 453 εἶναι
849 419 928 460 τὰς
961 418 1017 452 δι’
1045 418 1318 462 αἰσθήσεως
1351 418 1630 463 φαντασίας

227 483 420 526 ἀληθεῖς.
473 482 504 518 εἰ
539 484 611 526 γὰρ
644 483 749 517 δυοῖν
784 484 974 524 λεγόντων
1008 486 1077 517 τοῦ
1111 484 1178 524 μὲν
1214 483 1405 526 αὐστηρὸν
1439 484 1533 517 εἶναι
1566 484 1634 519 τὸν

228 549 343 589 οἶνον,
385 550 454 582 τοῦ
483 548 522 581 δὲ
548 548 688 588 γλυκὺν
715 547 915 590 οὐδέτερος
940 546 1121 588 ψεύδεται
1146 549 1193 590 τῇ
1220 545 1402 588 αἰσθήσει,
1433 546 1469 580 τί
1494 548 1635 588 μᾶλλον

227 614 247 647 ὁ
273 614 377 654 οἶνος
410 611 599 654 αὐστηρὸς
624 611 647 653 ἢ
673 611 812 652 γλυκύς
844 611 964 651 ἑστιν;
1008 612 1069 644 καὶ
1101 611 1173 652 μὴν
1203 613 1350 654 λουτρῷ
1377 621 1419 651 γε
1444 613 1500 654 τῷ
1531 611 1636 655 αὐτῷ
1661 617 1676 643 5

226 676 317 717 τοὺς
343 676 410 717 μὲν
437 676 488 716 ὡς
514 678 650 719 θερμῷ,
677 677 768 716 τοὺς
796 676 835 709 δὲ
863 676 914 716 ὡς
941 678 1075 718 ψυχρῷ
1094 674 1311 718 χρωμένους
1337 674 1427 709 ἰδεῖν
1455 675 1573 709 ἔστιν·
1601 673 1638 709 οἳ

228 742 295 782 μὲν
312 741 385 783 γὰρ
402 741 560 784 ψυχρόν,
589 739 625 774 οἳ
652 741 692 775 δὲ
718 741 857 783 θερμὸν
885 740 1129 782 ἑπεμβάλλειν
1156 739 1374 774 κελεύουσιν
1511 739 1544 774 εἴ
1567 750 1638 782 περ

228 805 296 839 οὗν
324 805 372 847 μὴ
397 806 538 847 μᾶλλόν.
565 805 667 846 ἐστιν
697 805 720 846 ἡ
748 804 858 847 ἑτέρα
890 807 957 845 τῆς
990 803 1119 846 ἑτέρας
1153 803 1294 845 ἀληθὴς
1320 803 1500 846 αἴσθησις,
1541 803 1640 844 εἰκός

228 870 306 903 ἐστι
338 870 397 903 καὶ
429 869 473 903 τὸ
509 870 611 912 ὕδωρ
644 869 692 912 μή
727 870 867 908 μᾶλλον
901 869 994 902 εἶναι
1027 868 1175 912 ψυχρὸν
1201 867 1223 910 ἢ
1251 868 1388 911 θερμόν
1511 867 1542 901 εἰ
1568 868 1640 911 γὰρ

228 934 322 967 αὐτὸ
354 932 554 976 φαίνεσθαι
586 933 719 976 ἕτερον
752 932 869 977 ἑτέρῳ
901 931 1038 973 φάσκει
1064 940 1130 972 τις,
1170 930 1367 973 ἀμφότερα
1397 930 1492 964 εἶναι
1519 929 1640 970 λέγων
1664 936 1696 959 10

227 998 392 1040 λέληθεν.
445 997 550 1032 αἰδὲ
577 997 856 1039 πολυθρύλητοι
891 994 1162 1038 συμμετρίαι
1196 996 1268 1028 καὶ
1302 994 1518 1037 ἁρμονίαι
1551 997 1640 1027 τῶν

228 1063 328 1106 περὶ
367 1062 419 1096 τὰ
456 1060 735 1104 αἰσθητήρια
773 1061 927 1103 πόρων
963 1060 1001 1094 αἵ
1026 1070 1068 1094 τε
1093 1058 1358 1100 πολυμιξίαι
1385 1060 1476 1092 τῶν
1503 1067 1641 1101 σπερ-

229 1126 398 1169 μάτων,
440 1125 463 1160 ἃ
491 1126 544 1168 δὴ
571 1127 681 1160 πᾶσι
708 1128 867 1167 χυμοῖς
893 1125 968 1158 καὶ
994 1123 1158 1165 ὀσμαῖς
1191 1124 1263 1157 καὶ
1290 1126 1468 1166 χροιαῖς
1493 1123 1642 1156 ἐνδιε-

228 1191 466 1235 σπαρμένα
485 1190 660 1231 λέγουσιν
680 1189 842 1232 ἑτέραν
865 1189 1004 1232 ἑτέρῳ
1032 1189 1286 1230 ποιότητος
1312 1191 1457 1221 κινεῖν
1484 1186 1643 1230 αἴσθη-

229 1266 304 1291 σιν
337 1255 406 1290 οὐκ
440 1255 615 1297 ἄντικρυς
642 1253 693 1294 εἰς
718 1253 763 1287 τὸ
790 1254 839 1295 μὴ
868 1255 1007 1295 μᾶλλον
1039 1253 1084 1286 τό
1112 1252 1316 1296 πράγματα
1346 1252 1643 1286 συνελαύνουσιν
1668 1257 1698 1283 15

230 1321 373 1361 αὐτοῖς
401 1320 492 1361 τοὺς
509 1320 581 1363 γὰρ
599 1318 798 1361 οἰομένους
820 1318 1026 1360 ψεύδεσθαι
1045 1319 1115 1360 τήν
1135 1316 1319 1359 αἴσθησιν,
1346 1317 1404 1351 ὅτι
1422 1317 1469 1350 τὰ
1489 1315 1641 1351 ἐναντία

229 1386 332 1428 πάθη
352 1385 530 1426 γινόμενα
555 1387 634 1425 τοῖς
657 1383 863 1427 χρωμένοις
889 1383 964 1417 ἀπὸ
991 1384 1069 1416 τῶν
1095 1383 1224 1416 αὐτῶν
1243 1383 1371 1425 ὁρῶσι,
1400 1381 1643 1424 παραμυθού-

231 1459 336 1491 μενοι
367 1449 607 1484 διδάσκουσιν
635 1449 686 1490 ὡς
719 1447 1115 1491 ἀναπεφυρμένων
1150 1447 1221 1481 καὶ
1258 1445 1645 1488 συμμεμιγμένων

230 1515 344 1555 ὁμοῦ
376 1525 416 1547 τι
449 1513 652 1555 πάντων,
692 1513 833 1547 ἄλλου
872 1513 918 1546 δὲ
953 1512 1073 1556 ἄλλῳ
1112 1511 1383 1554 πεφυκότος
1422 1510 1644 1554 ἐναρμότ-

230 1589 328 1613 τειν
353 1578 433 1612 οὐκ
459 1578 558 1613 ἔστι
581 1579 659 1619 τῆς
683 1577 824 1618 αὐτῆς
846 1577 1098 1618 ποιότητος
1122 1575 1273 1617 ἐπαφὴ
1301 1575 1373 1608 καὶ
1398 1574 1644 1617 ἀντίληψις
1667 1581 1700 1606 20

232 1642 338 1677 οὐδὲ
374 1644 485 1676 πᾶσι
518 1645 618 1683 τοῖς
651 1641 807 1685 μὲρεσι
842 1643 959 1675 κινεῖ
995 1639 1170 1681 πάντας
1205 1639 1424 1681 ὡσαύτως
1452 1639 1503 1674 τὸ
1530 1640 1643 1674 ὑπο-

234 1707 465 1749 κείμενον,
505 1706 616 1741 ἀλλὰ
652 1704 851 1747 ἐκείνοις
875 1705 1062 1739 ἕκαστοι
1091 1704 1250 1746 μόνοις
1277 1703 1646 1746 ἐντυγχάνοντες

234 1772 345 1816 πρὸς
371 1772 394 1806 ἃ
421 1772 686 1814 σύμμετρον
721 1771 882 1812 ἔχουσι
913 1769 996 1811 τὴν
1030 1768 1243 1811 αἴσθησιν
1270 1771 1351 1803 οὐκ
1379 1768 1525 1812 ὀρθῶς
1552 1768 1646 1802 δια-

236 1836 463 1879 μάχονται
498 1837 600 1879 περὶ
635 1838 719 1869 τοῦ
753 1834 955 1878 χρηστὸν
987 1834 1011 1874 ἢ
1045 1833 1251 1876 πονηρὸν
1283 1833 1306 1876 ἢ
1339 1833 1511 1868 λευκὸν
1540 1833 1561 1876 ἢ
1589 1834 1646 1876 μὴ

235 1901 400 1935 λευκὸν
427 1900 622 1935 εἶναιτὸ
647 1902 847 1943 πρᾶγμα,
887 1899 966 1940 τὰς
1000 1899 1151 1932 αὐτῶν
1184 1897 1394 1940 οἰόμενοι
1428 1899 1647 1940 βεβαιοῦν
1670 1905 1704 1932 25

235 1964 477 2008 αἰσθήσεις
501 1967 566 2008 τῷ
591 1964 673 2005 τὰς
699 1964 848 1998 ἄλλων
875 1962 1094 2006 ἀναιρεῖν.
1139 1963 1236 1997 δεῖν
1265 1963 1305 1996 δὲ
1332 1961 1543 2005 αἰσθήσει
1570 1962 1648 2004 μὲν

236 2031 347 2073 μηδὲ
375 2033 450 2074 μιᾷ
477 2030 722 2071 μάχεσθαι·
756 2030 874 2062 πᾶσαι
898 2028 971 2071 γὰρ
997 2027 1184 2061 ἅπτονται
1208 2027 1320 2069 τινός,
1348 2026 1430 2061 οἷον
1457 2027 1498 2061 ἑκ
1524 2028 1650 2069 πηγῆς

233 2097 302 2137 τῆς
319 2093 535 2136 πολυμιξίας
555 2093 693 2136 ἑκάστη
712 2093 953 2135 λαμβάνουσα
972 2092 1016 2126 τὸ
1035 2092 1259 2135 πρόσφορον
1279 2092 1338 2126 καὶ
1356 2090 1512 2126 οἰκεῖον·
1539 2091 1649 2125 ὅλου

236 2159 284 2193 δὲ
312 2159 369 2200 μὴ
397 2160 696 2201 κατηγορεῖν
730 2156 1033 2197 ἁπτομένους
1067 2158 1245 2199 μερῶν·
1289 2155 1413 2199 μηδὲ
1445 2155 1499 2189 τὸ
1531 2154 1650 2189 αὐτὸ

236 2223 415 2257 οἴεσθαι
443 2223 539 2257 δεῖν
566 2222 760 2264 πάσχειν
788 2221 1009 2262 ἅπαντας,
1047 2221 1184 2261 ἄλλους
1210 2219 1293 2254 κατ’
1321 2220 1437 2263 ἄλλην
1463 2220 1651 2262 ποιότητα
1674 2226 1709 2252 30

237 2288 297 2321 καὶ
323 2287 481 2328 δύναμιν
507 2287 627 2321 αὐτοῦ
653 2285 880 2329 πάσχοντας.
922 2284 994 2328 ἆρα
1021 2286 1076 2319 δεῖ
1103 2288 1269 2325 σκοπεῖν,
1295 2284 1393 2326 τίνες
1420 2285 1561 2326 μᾶλλον
1587 2284 1650 2318 ἄν·

237 2353 382 2394 θρωποι
409 2352 453 2385 τὸ
482 2351 532 2393 μὴ
560 2352 700 2393 μᾶλλον
733 2349 916 2391 ἐπάγουσι
948 2352 1027 2391 τοῖς
1054 2349 1270 2392 πράγμασιν
1296 2348 1319 2391 ἢ
1347 2346 1383 2382 οἳ
1408 2350 1484 2381 πᾶν
1511 2348 1578 2390 μὲν
1605 2347 1652 2381 τὸ

238 2415 421 2458 αἰσθητὸν
448 2418 571 2460 κρᾶμα
597 2415 855 2449 παντοδαπῶν
881 2413 1100 2456 ποιοτήτων
1127 2411 1385 2456 ἀποφαίνουσι

530 2479 754 2521 ’σύμμικτον
780 2478 874 2519 ὥςτε
900 2479 1056 2518 γλεῦκος
1082 2475 1326 2519 ὑλιστήριον’,

362 2596 377 2627 1
400 2594 471 2628 uid.
488 2594 568 2626 adn.
581 2604 615 2636 p.
629 2593 708 2631 116,
721 2592 765 2624 22
801 2592 806 2634 Ι
844 2592 886 2626 10
900 2588 1116 2634 φαίνεσθαι]
1131 2590 1363 2632 φαινόμενον
1379 2589 1464 2622 libri
1493 2590 1498 2631 Ι
1533 2588 1577 2621 26
1594 2588 1648 2622 δεῖ

240 2654 324 2686 libri
372 2654 377 2693 i
425 2653 468 2684 27
496 2652 589 2694 μηδὲ
616 2651 859 2693 διαμάχεσθαι
885 2650 987 2683 libri:
1015 2661 1102 2682 corr.
1130 2649 1306 2681 Reiskius
1353 2648 1358 2691 Ι
1406 2648 1446 2680 31
1478 2646 1550 2690 ἆρα
1577 2643 1648 2689 δεῖ]

240 2713 323 2755 ὥρα
349 2711 395 2754 δὴ
423 2713 466 2744 ci.
485 2710 784 2754 Vv'yttenbachius
824 2710 830 2752 Ι
869 2710 913 2742 34
940 2709 980 2743 fr.
999 2714 1086 2750 trag.
1106 2709 1228 2750 adesp.
1247 2708 1316 2741 3119
1334 2718 1368 2750 p.
1383 2707 1451 2740 705
1472 2706 1608 2739 Nauck.
1643 2703 1648 2748 Ι

241 2770 469 2815 αὐλητήριον
489 2771 582 2804 libri.
620 2770 779 2814 proxime
798 2781 817 2802 a
835 2779 920 2801 uero
940 2769 1028 2802 afuit
1045 2768 1205 2810 Toupius
1226 2767 1401 2800 emendat.
1429 2771 1452 2798 t.
1467 2772 1507 2798 lv
1527 2776 1561 2808 p.
1579 2763 1646 2797 332
