1846 3288
411 257 774 290 EMENDANTVR
801 258 974 291 VERBA
999 257 1205 290 EPICVRI
1419 255 1519 290 XXI

276 375 346 411 sed
371 375 468 424 quia
499 377 576 410 lule
605 373 679 410 tibi
694 375 861 422 placida
894 387 975 412 cum
996 380 1092 423 pace
1121 375 1270 424 quietos

279 441 481 479 constitues
513 453 673 489 magnus
703 442 858 477 irarum
889 442 1047 478 uoluere
1068 441 1229 490 fluctus,

170 511 214 547 15
274 520 342 545 nec
373 508 539 546 delubra
570 508 677 545 deum
701 509 860 557 placido
890 521 974 546 cum
997 514 1149 557 pectore
1178 508 1308 545 adibis

275 589 342 614 nec
372 576 417 612 de
446 581 602 624 torpore
631 588 730 624 quae
755 580 887 613 sanclo
917 576 1130 613 simulacra
1147 575 1350 628 feramur

276 644 316 682 t’n
345 648 485 680 menles
509 642 703 680 hominum
735 644 893 679 diuinae
923 644 1061 680 nuntia
1079 641 1258 692 formae,

275 711 468 759 suscipere
497 710 590 748 haec
620 711 747 747 animi
773 711 1001 759 tranquilla
1022 716 1120 759 pace
1151 709 1313 748 ualebis.

281 779 370 815 inde
398 779 532 815 uidere
563 779 653 814 licet
683 779 817 826 qualis
849 780 925 814 iam
957 779 1042 815 uita
1072 782 1271 827 sequatur?

107 847 342 894 eodemque
373 845 468 883 facit
499 844 731 882 Philodemi
761 846 958 882 aduersus
991 845 1154 882 Stoicos
1193 845 1446 883 concertatio
1477 856 1521 884 π.

109 910 200 953 εὐσ.
234 925 272 963 p.
295 914 362 964 86,
386 914 437 951 13
469 912 617 962 Gornp.
651 911 756 959 μετὰ
790 911 837 952 δὲ
868 909 984 952 ταῦτ’
1018 910 1278 952 ἐπιδεικτέον
1310 912 1519 958 (scil.Phi-

112 981 300 1018 lodemus
327 980 574 1030 probaturus
606 978 686 1028 est)
719 977 882 1029 αὐτοὺς
915 978 981 1019 ὅτι
1014 977 1175 1030 βλάβης
1205 979 1275 1019 καὶ
1303 979 1448 1020 κακῶν
1469 979 1521 1019 οὔ

108 1056 246 1098 φασιν
277 1045 439 1097 αἰτίους
471 1044 578 1088 εἶναι
608 1048 699 1096 τοῖς
725 1044 974 1097 ἀνθρώποις
1003 1046 1106 1097 τοὺς
1137 1045 1276 1096 θεούς,
1307 1043 1368 1099 (ὃ)
1400 1045 1521 1088 δοξά-

108 1117 266 1164 ζοντας
297 1113 536 1165 ἀπέχεσθαι
567 1115 656 1155 τῶν
686 1109 1183 1169 ἀ[δικ]ο[π],οαγημάτω[ν
1213 1111 1334 1169 ἔ]νιοί
1364 1123 1520 1165 φασιν·

108 1182 232 1233 ἡμεῖς
263 1182 311 1222 δὲ
343 1181 425 1222 καὶ
454 1179 597 1222 ταῦτ’
627 1181 770 1232 (mala)
803 1182 931 1232 ἐνίοις
963 1181 1012 1222 ἐξ
1043 1181 1210 1223 αὐτῶν
1241 1183 1306 1231 (ex
1339 1181 1418 1231 dis)
1449 1181 1522 1223 λέ-

109 1262 267 1299 γομεν
296 1251 713 1300 παρακολουθεῖν
745 1249 948 1290 καὶτῶν
979 1249 1184 1298 ἀγαθῶν
1204 1248 1264 1290 τὰ
1288 1249 1521 1300 μέγιστα.

110 1320 248 1368 itaque
279 1318 358 1356 hoc
379 1319 454 1369 Ep.
489 1319 624 1356 dicere
654 1319 800 1357 uoluit:
834 1320 886 1355 dc
919 1319 981 1355 dis
1014 1320 1111 1356 boni
1142 1320 1260 1367 bene,
1292 1319 1385 1356 mali
1414 1319 1521 1356 male

109 1386 301 1425 sentiunt.
344 1393 389 1425 ut
422 1387 619 1438 cuiusque
657 1387 863 1436 ingenium
898 1388 1003 1423 bene
1043 1394 1246 1424 moratum
1278 1394 1341 1424 est
1372 1398 1420 1424 ac
1449 1399 1518 1436 pa·

109 1460 240 1493 ratum
285 1456 341 1493 ad
379 1454 642 1504 suscipienda
680 1455 848 1492 deorum
888 1454 1114 1501 simulacra,
1162 1454 1220 1491 ita
1265 1454 1521 1492 beatitudine

111 1523 219 1561 illine
249 1523 452 1573 expletur:
493 1523 588 1560 mali
625 1534 718 1560 cum
756 1523 835 1560 sint
867 1523 1000 1560 animo
1038 1524 1109 1559 illis
1142 1522 1365 1560 simulacris
1397 1522 1523 1559 susci·

110 1592 270 1642 piendis
301 1592 525 1636 obstructo,
559 1590 666 1630 falsis
694 1591 776 1628 suis
808 1591 1070 1640 opinionibus
1101 1591 1143 1627 in
1167 1590 1271 1628 mala
1292 1590 1430 1628 omnia
1451 1590 1523 1627 ab·

108 1660 305 1709 riphmtur
334 1664 378 1696 ut
406 1660 516 1697 uitae
539 1671 681 1696 omnes
702 1659 881 1696 rationes
904 1660 1147 1696 disturbent.
1191 1658 1295 1695 haec
1316 1658 1522 1696 sententia

110 1734 316 1777 tamquam
348 1727 606 1765 corollarium
635 1727 820 1776 proximo
843 1727 1055 1765 enuntiato
1078 1723 1320 1774 ὑπολήψεις
1343 1725 1522 1776 ψευδεῖς

109 1791 256 1844 (εἰσιν)
293 1791 336 1833 αἱ
372 1794 459 1833 τῶν
497 1793 673 1833 πολλῶν
708 1791 815 1843 ὑπὲρ
861 1795 974 1834 Θεῶν
1018 1790 1268 1843 ἀποφάσεις
1307 1794 1525 1832 adhibetur

109 1862 308 1912 simulque
338 1862 451 1912 quod
488 1861 567 1899 illic
601 1862 708 1899 inest
738 1862 958 1901 contrario:
1006 1862 1128 1911 igitur
1164 1874 1215 1899 ex
1246 1862 1417 1900 diuersis
1449 1862 1521 1899 ho-

107 1930 262 1968 minum
292 1931 347 1968 de
377 1929 442 1968 dis
472 1929 734 1979 opinionibus
765 1930 811 1968 fit
839 1935 884 1967 ut
907 1929 1022 1968 malis
1048 1930 1166 1975 mala,
1197 1928 1317 1967 bonis
1340 1930 1450 1967 bona
1472 1941 1523 1966 ex

109 1995 173 2033 dis
202 1997 399 2035 adfluant.
445 1997 582 2047 itaque
613 2009 715 2034 sana
744 1997 884 2035 omnia
914 2003 1022 2041 sunt,
1055 1996 1392 2046 distinguendum
1436 2003 1523 2034 erat

108 2069 206 2101 ante
238 2076 276 2101 u.
307 2060 433 2103 ἔνθεν
463 2064 619 2102 maiore
649 2064 828 2114 positura

221 2131 318 2170 ibid.
353 2132 435 2170 130
462 2144 500 2182 p.
522 2133 589 2180 63,
618 2132 670 2171 23
719 2128 824 2171 ὅταν
863 2128 1000 2171 ἅπαν
1034 2128 1084 2170 τὸ
1122 2127 1285 2177 ἀλγοῦν
1326 2125 1417 2169 κατ’
1457 2128 1522 2170 ἕν-

108 2201 230 2240 δειαν
269 2197 489 2251 ἑξαιρεθῇε
535 2200 693 2238 conicio
730 2199 955 2250 Epicurum
993 2211 1077 2237 non
1112 2194 1229 2239 ἅπαν
1265 2198 1339 2236 sed
1378 2194 1524 2239 ἅπαξ

109 2267 319 2319 scripsisse
350 2273 395 2306 ut
425 2280 465 2318 p.
489 2269 554 2320 62,
580 2269 628 2306 17
661 2265 767 2307 ὅταν
799 2265 847 2307 δὲ
877 2263 990 2308 ἅπαξ
1025 2265 1155 2306 τοῦτο
1185 2262 1283 2315 περὶ
1311 2263 1424 2316 ἡυᾱς
1456 2277 1524 2312 γε·

108 2345 233 2382 νηται
263 2341 305 2374 et
333 2336 404 2387 qui
434 2336 548 2374 locus
579 2336 634 2373 illi
663 2336 787 2385 plane
807 2334 1006 2385 gemellus
1033 2339 1110 2377 est,
1143 2339 1247 2373 sent.
1266 2339 1391 2373 XVIII
1412 2343 1523 2372 επει-

108 2398 190 2442 δὰν
218 2398 332 2444 ἅπαξ
362 2398 413 2442 τὸ
444 2400 534 2444 κατ’
568 2401 738 2444 ἔνδειαν
770 2399 933 2450 ἀλγοῦν
965 2399 1177 2453 ἐξαιρεθῇ.

222 2476 324 2509 sent.
343 2477 463 2511 XXIV
482 2484 522 2521 p.
544 2473 609 2521 77,
634 2475 654 2510 1
688 2467 809 2510 ὥστ’
841 2466 1117 2522 ἀνῃρηκὼς
1150 2465 1229 2522 ἔσῃ
1261 2467 1411 2508 πᾶσαν
1444 2465 1519 2517 ἀμ-

109 2535 388 2587 φισβήτησιν
414 2539 512 2576 dedi
550 2551 599 2576 ex
638 2539 885 2583 coniectura,
931 2549 1025 2576 cum
1063 2537 1151 2575 libri
1182 2534 1244 2586 ὡς
1275 2534 1521 2586 τετηρηκὼς

110 2610 302 2654 corrupte
341 2605 538 2644 scribant:
585 2618 684 2643 uera
721 2606 843 2644 lectio
874 2605 1049 2644 fortasse
1079 2604 1245 2654 propius
1276 2617 1301 2642 a
1330 2604 1521 2641 codicum

110 2672 306 2710 memoria
343 2673 485 2712 aberat
521 2685 641 2723 quam
675 2673 743 2712 illa
779 2673 1025 2711 coniectura,
1069 2672 1170 2721 quid
1212 2672 1321 2709 enim
1351 2670 1523 2720 impedit

111 2739 328 2788 quomInus
348 2740 570 2791 Epicurum
591 2742 868 2780 concedamus
889 2740 1031 2778 fortius
1059 2740 1230 2778 uerbum
1260 2734 1384 2778 ὥστ’
1417 2736 1519 2792 ἐξῃ-

112 2804 277 2858 ρηκὼς
306 2803 387 2862 ἔσῃ
419 2806 621 2860 elegisse?
