1842 3250
118 944 152 969 10

118 1267 148 1293 15

75 1470 146 1504 320

113 1607 146 1634 20

109 1931 143 1957 25

70 2198 137 2232 321

107 2270 141 2298 ao

664 240 868 273 EPICVRI
894 240 1107 274 PHYSICA
1519 242 1585 276 221

180 351 338 394 ἄγουσιν
369 351 453 395 ἄχρι
488 353 556 394 τῆς
587 350 744 394 ὀπτικῆς
777 352 990 394 δυνάμεως·
1028 354 1049 388 ὁ
1076 354 1108 388 δ’
1136 353 1353 398 Ἐπίκουρος
1388 355 1486 396 ἄγει·
1528 356 1588 390 καὶ

179 417 275 451 πολύ
308 427 352 459 γε
383 418 524 452 τούτου
555 421 726 461 κρεῖττον
752 417 1023 461 Ἀριστοτέλης,
1063 420 1132 453 οὐκ
1166 419 1324 454 εἴδωλον
1359 420 1587 463 σωματικόν,

179 481 271 516 ἀλλὰ
303 482 490 525 ποιότητα
518 481 564 516 δι’
590 481 828 523 ἀλλοιώσεως
858 486 927 517 τοῦ
958 483 1060 527 πέριξ
1094 483 1211 527 ἀέρος·
1230 484 1305 518 ἀπὸ
1332 486 1411 518 τῶν
1437 485 1588 528 ὁρατῶν

179 546 282 587 ἄγων
308 547 392 590 ἄχρι
417 549 485 588 τῆς
510 546 647 590 ὄψεως.
699 547 787 581 ibid.
813 558 847 590 p.
868 547 938 580 639
956 549 1006 581 K.
1034 548 1116 587 639,
1136 550 1156 582 3
1175 549 1301 584 Muell.

179 610 347 645 Gnmrvs
373 618 401 644 V
432 612 484 650 16,
512 611 532 644 3
571 611 766 654 ‘Epicurus
793 612 923 644 afluere
951 623 1090 655 semper
1115 624 1156 645 ex
1182 614 1346 645 omnibus
1375 615 1586 657 corporibus

178 675 365 708 simulacra
390 676 564 718 quaedam
590 686 776 719 corporum
804 677 964 718 ipsorum
997 687 1109 720 eaque
1136 688 1215 710 sese
1242 678 1277 709 in
1304 679 1429 710 oculos
1457 679 1586 711 inferre

176 745 280 783 atque
307 740 355 772 ita
380 739 456 773 fieri
483 750 624 772 sensum
652 741 800 773 uidendi
828 746 927 784 putat
937 741 955 775 ².

174 802 403 837 MAGROBIVS
430 809 560 838 saturn.
585 813 644 838 VII
675 805 729 843 14,
757 806 777 838 3
807 804 937 848 ‘ipsam
964 816 1049 838 uero
1079 806 1227 839 uidendi
1254 811 1413 840 naturam
1440 818 1511 839 non
1536 808 1586 840 iu-

175 868 304 901 subide
330 869 542 912 introspexit
564 871 752 914 EpicuruS‚
793 872 894 903 cuius
920 872 956 903 in
982 872 1051 904 hoc
1079 883 1147 904 non
1177 878 1241 911 est,
1269 878 1306 905 ut
1333 873 1493 912 aestimo,
1520 874 1582 906 im-

174 934 359 976 probanda
385 935 572 973 sententia,
598 935 837 978 adstipulante
865 937 1054 983 praecipue
1080 937 1307 969 Democrito:
1343 937 1403 981 qui
1431 937 1522 970 sicut
1548 938 1585 970 in

174 998 313 1038 ceteris,
350 998 400 1031 ita
430 1004 465 1031 et
496 1000 532 1032 in
564 999 632 1032 hoc
664 1001 762 1044 paria
795 1006 990 1033 senserunt.
1044 1012 1127 1042 ergo
1168 1008 1290 1034 censet
1322 1002 1498 1045 Epicurus
1539 1003 1584 1034 ab

174 1063 340 1096 omnibus
367 1064 577 1107 corporibus
603 1065 678 1107 iugi
704 1065 814 1097 fluore
841 1066 1026 1109 quaepiam
1056 1066 1244 1098 simulacra
1270 1077 1409 1099 manare
1429 1077 1493 1099 nec
1512 1077 1585 1099 um-

173 1138 278 1170 quam
306 1128 478 1161 tantulam
507 1139 640 1161 moram
666 1129 891 1168 interuenire,
925 1131 1010 1173 quin
1043 1131 1134 1163 ultra
1166 1132 1323 1163 ferantur
1347 1131 1444 1163 inani
1474 1131 1585 1172 figura

173 1192 405 1224 cohaerentes
431 1203 616 1235 corporum
644 1194 807 1226 exuuiae:
837 1204 984 1237 quarum
1012 1195 1235 1237 receptacula
1255 1195 1290 1226 in
1308 1195 1441 1227 nostris
1467 1195 1582 1228 oculis

172 1261 265 1296 sunt,
303 1261 337 1289 et
364 1256 448 1290 ideo
477 1257 520 1289 ad
549 1258 750 1301 deputatam
778 1259 849 1291 sibi
876 1271 895 1291 a
922 1265 1042 1292 natura
1070 1261 1191 1292 sedem
1218 1262 1352 1305 proprii
1380 1271 1507 1294 sensus
1533 1273 1584 1294 re-

171 1325 325 1354 currunt.
364 1321 452 1354 haec
481 1330 562 1355 sunt
586 1333 677 1366 quae
704 1323 758 1355 uir
784 1324 848 1355 ille
874 1329 1125 1357 commemorat
1135 1324 1153 1358 ’.

217 1403 284 1435 DE
309 1403 540 1437 SPECVLIS

289 1468 435 1502 AB'HVS
460 1477 504 1502 IV
525 1469 579 1511 14,
597 1470 619 1503 2
637 1480 671 1513 p.
686 1470 755 1504 405
775 1471 818 1504 D.
837 1470 1021 1511 (Parallel.
1042 1472 1072 1504 O
1097 1472 1150 1510 14,
1174 1472 1214 1505 14
1233 1473 1343 1517 Plut.)
1369 1473 1583 1515 Λεύκιππος

169 1532 408 1576 Δημόκριτος
441 1533 658 1578 Ἐπίκουρος
688 1535 756 1576 τὰς
790 1536 1043 1579 κατοπτρικὰς
1080 1536 1261 1579 ἐμφάσεις
1293 1537 1462 1579 γίνεσθαι
1497 1538 1578 1572 κατ’

169 1596 339 1632 εἰδώλων
365 1597 605 1642 ἀποστάσεις,
632 1599 655 1633 ἅ
680 1610 765 1633 τινα
791 1600 972 1643 φέρεσθαι
999 1602 1066 1642 μὲν
1093 1600 1157 1643 ἀφ’
1184 1602 1302 1644 ἡμῶν,
1331 1602 1579 1637 συνίστασθαι

169 1662 209 1697 δὲ
235 1662 296 1697 ἐπὶ
320 1666 390 1697 τοῦ
417 1664 633 1707 κατόπτρου
662 1664 743 1698 κατ’
771 1664 1089 1708 ἀντεπιστροφήν.

167 1728 387 1762 APPvLmvs
412 1729 508 1772 apol.
534 1729 579 1761 de
606 1729 720 1770 magia
750 1730 792 1762 15
831 1729 936 1772 ‘quid
964 1731 1062 1773 quod
1087 1740 1151 1762 nce
1178 1731 1227 1762 ob
1253 1731 1340 1763 haec
1368 1731 1476 1763 debet
1503 1736 1578 1763 tan-

167 1792 349 1825 tummodo
383 1793 623 1836 philosophus
656 1794 840 1836 speculum
875 1794 1054 1827 inuisere?
1104 1805 1182 1826 nam
1210 1805 1316 1838 saepe
1343 1799 1486 1838 oportet
1512 1821 1520 1829 .
1542 1820 1549 1829 .
1569 1820 1577 1828 .

168 1856 271 1889 etiam
298 1857 412 1900 ipsius
439 1857 686 1890 similitudinis
710 1859 883 1892 rationem
909 1859 1147 1897 considerare,
1184 1869 1278 1897 num,
1309 1864 1347 1891 ut
1373 1860 1422 1891 ait
1448 1860 1578 1902 Epicu·

166 1931 237 1959 ωε,
274 1921 455 1964 profectae
481 1932 501 1954 a
527 1922 633 1954 nobis
659 1923 832 1963 imagines
861 1922 959 1955 uelut
988 1924 1161 1966 quaedam
1189 1924 1339 1956 exuuiae
1365 1924 1439 1965 iugi
1465 1923 1577 1956 fluore

166 1991 203 2017 a*
219 1986 429 2029 corporibus
461 1992 642 2020 manantes
678 1998 757 2020 cum
791 1988 871 2037 leue
904 1988 1041 2031 aliquid
1075 1994 1109 2021 et
1145 1988 1301 2021 solidum
1337 1989 1576 2031 offenderunt,

165 2049 284 2083 illisae
310 2050 532 2084 reflectantur
559 2057 593 2084 et
620 2057 712 2084 retro
740 2063 929 2096 expressae
956 2060 1224 2086 controuersum
1250 2051 1518 2096 respondeant&

212 2131 280 2163 DE
303 2131 493 2164 AVDITV

285 2196 430 2230 Amuvs
455 2195 702 2241 (Plutarchus)
728 2204 769 2229 1v
803 2197 854 2236 19,
881 2198 903 2230 2
930 2208 964 2241 p.
983 2198 1054 2232 408
1072 2199 1117 2231 D.
1156 2197 1373 2242 Ἐπίκουρος
1398 2200 1468 2242 τὴν
1493 2210 1575 2242 φω-

163 2259 233 2302 νὴν
260 2260 355 2295 εἶναι
380 2258 498 2304 ῥεῦμα
524 2261 810 2303 ἐκπεμπόμενον
836 2261 911 2296 ἀπὸ
932 2264 1010 2296 τῶν
1035 2264 1274 2305 φωνούντων
1292 2264 1314 2306 ἢ
1334 2263 1532 2307 ἠχούντων
1551 2265 1573 2307 ἢ

285 2360 302 2393 1
331 2359 412 2400 ἄγει
438 2360 517 2393 cod.
544 2360 656 2393 Paris.
683 2360 777 2394 2283
818 2360 1043 2403 ἀπεφήνατο
1071 2362 1175 2403 ἄγειν
1203 2363 1423 2396 Marcianus:
1463 2363 1574 2404 uolgo

162 2418 340 2456 omittunt,
367 2419 412 2452 ef.
431 2418 630 2452 Muellerus
658 2421 907 2463 quaestionum
933 2421 1009 2454 crit.
1037 2421 1082 2452 de
1108 2421 1163 2452 his
1191 2421 1319 2454 Galeni
1346 2422 1449 2454 libris
1477 2432 1572 2464 spec.

163 2476 221 2510 alt.
248 2487 282 2520 p.
306 2477 359 2511 19.
389 2487 516 2509 uereor
542 2488 586 2510 ne
612 2478 769 2511 Galenus
797 2479 867 2511 tale
895 2479 982 2521 quid
1009 2479 1190 2522 scripserit
1216 2479 1292 2513 ἀπὸ
1321 2479 1421 2525 (τῶν
1446 2488 1572 2523 στερε-

161 2533 280 2576 μνίων
306 2533 464 2580 εἴδωλα)
492 2536 676 2580 προσάγει
731 2537 736 2580 1
790 2539 811 2570 5
840 2537 983 2581 afluere]
1011 2539 1054 2570 cs.
1082 2538 1257 2570 Dombart
1283 2540 1318 2571 in
1345 2539 1574 2572 Fleckeiseni

161 2593 348 2632 ann.‚1877
363 2604 397 2637 p.
413 2595 482 2628 342
521 2596 526 2637 Ι
566 2596 588 2629 8
605 2594 790 2640 insubide]
809 2597 855 2629 cf.
871 2607 959 2629 mus,
974 2598 1094 2630 Rhen.
1116 2604 1139 2629 t.
1154 2606 1208 2631 xx
1228 2609 1262 2641 p.
1281 2598 1346 2631 149
1383 2599 1387 2641 Ι
1426 2598 1471 2632 10
1487 2600 1573 2642 quia

161 2652 274 2684 codex
304 2652 319 2696 Η
351 2653 394 2686 19
413 2653 456 2688 cf.
474 2655 663 2686 Lucretius
688 2663 730 2687 IV
749 2654 952 2688 269-298,
972 2656 1175 2690 323—347.
1195 2656 1372 2690 98-109.
1397 2657 1534 2702 150¹sq.
1569 2654 1574 2700 Ι

159 2711 206 2744 20
231 2710 474 2757 ἀποστάσεις]
493 2713 721 2755 ὑποστάσεις
747 2714 959 2746 Plutarchea
985 2715 1146 2758 exempla
1173 2715 1387 2756 ἐπιστάσεις
1413 2713 1571 2746 Galenus

160 2769 341 2812 ἐμφάσεις
369 2782 410 2804 ex
438 2773 683 2815 superioribus
710 2772 885 2816 inlapsum
913 2774 1090 2805 Parallela
