1842 3250
101 2283 134 2307 30

633 246 839 277 EPICVRI
874 247 938 277 PH
951 245 1099 277 YSICA
1509 244 1575 278 197

159 361 204 395 τό
232 361 335 404 ὕδωρ
362 360 421 395 ἐπὶ
446 359 490 394 τὸ
517 359 622 393 κάτω
640 359 821 403 φέρεσθαι
848 360 908 393 καὶ
934 362 1003 393 τοῦ
1031 359 1169 400 ὕδατος
1194 360 1262 393 τὸν
1283 358 1374 402 ἀέρα
1395 359 1577 400 ἀγνοοῦσι

158 426 299 460 τούτου
335 424 457 460 αἰτίαν
491 425 561 468 τὴν
596 423 904 467 ἀντιπερίστασιν
934 424 1054 459 οὖσαν
1081 452 1089 459 .
1110 452 1116 458 .
1139 452 1173 459 ..
1206 424 1332 459 ἰστέον
1366 425 1406 458 δὲ
1439 423 1496 457 ὅτι
1529 424 1574 457 οὐ

158 491 338 534 Στράτων
371 491 485 532 μόνος
520 489 610 524 οὐδὲ
634 485 855 532 Ἐπίκουρος
892 489 1017 523 πάντα
1050 490 1180 531 ἔλεγον
1216 490 1308 523 εἰναι
1341 490 1388 522 τὰ
1417 488 1573 530 σώματα

159 554 274 597 βαρέα
301 555 362 587 καί
394 552 506 595 φύσει
539 551 606 595 μὲν
633 553 694 587 ἐπὶ
720 553 764 587 τὸ
792 553 895 588 κάτω
929 555 1131 598 φερόμενα,
1176 553 1276 596 παρὰ
1310 553 1426 595 φύσιν
1454 553 1493 586 δὲ
1517 552 1575 586 ἐπὶ

157 618 201 653 τὸ
229 619 319 660 ἄνω,
360 617 451 652 ἀλλὰ
483 618 542 652 καὶ
575 618 596 651 ό
623 616 789 651 Πλάτων
821 619 900 653 οἶδε
934 618 1151 661 φερομένην
1182 618 1325 660 ταύτην
1361 618 1431 658 τὴν
1465 617 1576 650 δόξαν

159 684 218 718 καὶ
245 682 434 725 διελέγχει,
471 683 516 716 τό
542 693 582 716 τε
609 682 712 716 κάτω
746 683 807 717 καὶ
831 683 875 716 τὸ
903 684 982 717 ἄνω
1010 684 1070 717 ἐπὶ
1103 685 1171 717 τοῦ
1205 682 1348 724 κόσμου
1377 682 1425 723 μὴ
1454 682 1575 721 καλῶς

157 747 327 791 εἰρῆσθαι
357 746 520 788 νομίζων
547 747 607 780 καὶ
633 747 677 780 τὸ
705 747 819 790 βαρέα
848 748 1021 787 λέγεσθαι
1049 749 1172 788 οὕτως
1200 748 1250 788 ὡς
1281 747 1373 789 πρὸς
1401 746 1444 779 τὸ
1474 747 1575 780 κάτω

158 813 350 856 φερόμενα
378 811 428 854 μὴ
456 811 747 854 ἀποδεχόμενος.

278 891 498 925 Smpnxmvs
516 893 550 924 in
572 892 684 926 Arist.
703 892 806 935 ph35.
827 891 856 926 Ζ
876 894 896 924 2
916 894 967 935 (ρ.
983 893 1071 926 232“
1086 893 1131 926 23
1148 894 1241 936 δρα)
1261 894 1284 926 s.
1303 892 1419 926 2191·u
1448 892 1479 927 ει
1504 892 1576 930 γὰρ

158 957 207 1000 μὴ
234 957 280 1000 ῆν
307 959 383 991 πᾶν
416 957 574 999 μέγεθος
607 957 805 1000 διαιρετόν,
845 958 914 999 οὐχ
940 956 1022 991 οἶόν
1048 968 1086 991 τε
1117 958 1163 999 ἠν
1189 957 1234 990 τὸ
1262 957 1493 1000 βραδύτερον
1520 956 1577 991 ἀει

158 1023 197 1057 ἐν
223 1025 279 1066 τῷ
306 1021 377 1066 ἴσῳ
406 1022 534 1066 χρόνῳ
565 1022 724 1056 ἔλαττον
759 1024 938 1056 κινεῖσθαι
969 1033 1038 1056 του
1065 1022 1267 1062 edu-maog·
1315 1022 1361 1055 τὸ
1389 1021 1460 1065 γὰρ
1489 1022 1574 1056 ἄτο-

157 1097 228 1128 μον
253 1086 384 1120 καὶτὸ
412 1084 545 1129 ἀμερὲς
579 1086 620 1120 ἑν
655 1089 709 1130 τῷ
744 1087 849 1127 αὐτῷ
883 1088 1007 1131 χρόνῳ
1041 1088 1100 1120 καὶ
1134 1087 1178 1120 τὸ
1212 1089 1352 1120 θᾶττον
1392 1087 1575 1129 διέρχεται

156 1153 217 1185 καί
243 1151 287 1185 τὸ
314 1150 563 1194 βραδύτερον·
598 1152 632 1185 εἰ
658 1150 730 1194 γὰρ
757 1150 797 1183 ἑν
824 1150 977 1193 πλείονι,
1013 1151 1052 1184 ἐν
1080 1153 1135 1194 τῷ
1161 1149 1232 1194 ἰὀῳ
1261 1150 1418 1184 ἔλαττόν
1446 1160 1479 1183 τι
1508 1152 1575 1184 τοῦ

157 1215 319 1259 ἀμεροῦς
346 1215 585 1250 διελεύσεται.
631 1216 687 1248 διὸ
714 1216 774 1249 καὶ
802 1218 880 1255 τοῖς
910 1215 994 1258 περὶ
1019 1214 1242 1257 Ἐπίκουρον
1270 1215 1419 1257 ἀρέσκει
1448 1213 1572 1248 ἰσοτα-

157 1283 232 1324 χῶς
265 1281 390 1314 πάντα
425 1280 484 1314 διὰ
516 1281 594 1313 τῶν
627 1279 779 1323 ἀμερῶν
811 1282 1002 1315 κινεῖσθαι,
1047 1279 1109 1313 ἵνα
1135 1280 1184 1321 μὴ
1218 1279 1264 1313 τὰ
1293 1280 1415 1320 ἄτομα
1447 1279 1574 1313 αὐτῶν

156 1346 398 1389 διαιρούμενα
425 1346 556 1388 μηκέτι
584 1346 706 1387 ἄτομα
733 1346 765 1388 ᾐ.

276 1426 516 1460 THEMIS'HVS
534 1427 697 1470 paraphr.
714 1427 828 1459 Arist.
847 1426 949 1470 phys,
965 1425 995 1459 Ζ
1014 1426 1029 1459 1
1051 1427 1096 1469 (p.
1113 1426 1201 1458 232⁸
1220 1426 1352 1469 1—17)
1369 1426 1392 1458 s.
1408 1425 1471 1460 52¹¹
1487 1425 1575 1459 Ald.

155 1503 188 1536 p.
205 1493 322 1530 370.4
343 1492 472 1535 Speng.
501 1490 579 1526 ἀλλ’
608 1493 627 1526 ό
655 1492 883 1534 σοφώτατος
908 1491 994 1534 ἡμῖν
1020 1489 1238 1533 Ἐπίκουρος
1264 1490 1332 1524 οὐκ
1357 1489 1576 1532 αἰσχύνεται

156 1559 316 1601 χρῆσθαι
335 1557 524 1601 φαρμάκῳ
550 1560 619 1598 τῆς
641 1556 759 1590 νόσου
779 1556 1042 1600 χαλεπωτέρῳ,
1071 1557 1133 1589 καὶ
1152 1559 1273 1589 ταῦτα
1292 1555 1577 1598 Ἀριστοτέλους

100 1632 115 1657 2
156 1623 227 1665 τὴν
254 1621 461 1666 μοχθηρίαν
486 1624 556 1656 τοῦ
582 1621 698 1663 λόγου
726 1619 1066 1664 προεπιδείξαντος.
1109 1620 1168 1654 ἐπὶ
1198 1620 1265 1661 μὲν
1295 1620 1367 1663 γὰρ
1392 1623 1460 1661 τῆς
1487 1620 1576 1663 ὅλης

156 1690 224 1730 τῆς
239 1686 323 1721 ΑΒΓ
341 1689 505 1729 κινεῖται,
525 1686 653 1729 φησίν,
681 1685 725 1719 τὸ
745 1686 979 1727 κινούμενον,
1000 1685 1059 1727 ἐφ’
1079 1684 1247 1719 ἑκάστου
1268 1685 1308 1718 δὲ
1327 1687 1406 1717 τῶν
1424 1683 1574 1728 ἀμερῶν

157 1752 193 1786 ἑξ
220 1751 275 1786 ὧν
299 1751 492 1793 σύγκειται
519 1751 564 1785 οὐ
591 1753 757 1793 κινεῖται,
785 1750 878 1784 ἀλλὰ
904 1750 1106 1793 κεκίνηται.
1160 1751 1229 1784 εἰτ’
1260 1750 1330 1783 οὐκ
1356 1748 1575 1784 αἰσθάνεται

155 1815 393 1860 περιπίπτων
426 1815 694 1859 ἀναριθμήτοις
718 1817 814 1850 τισὶν
842 1814 1025 1857 ἀτοπίαις,
1068 1816 1224 1858 πρῶτον
1251 1815 1318 1856 μὲν
1346 1814 1404 1848 ὅτι
1427 1814 1498 1857 τὴν
1523 1813 1574 1849 κί·

156 1889 265 1922 νησιν
295 1880 366 1923 τὴν
392 1879 452 1923 ἐφ’
479 1880 570 1922 ὅλης
594 1883 663 1923 τῆς
688 1878 771 1914 ΑΒΓ
798 1879 1017 1922 συντίθησιν
1044 1880 1113 1913 οὐκ
1140 1880 1180 1914 ἐκ
1210 1879 1407 1922 κινήσεων,
1436 1878 1514 1914 ἀλλ’
1534 1880 1574 1914 ἐκ

101 1957 116 1973 o
156 1946 333 1990 περάτων
363 1944 547 1988 κινήσεως
573 1946 632 1979 καὶ
659 1948 728 1979 τοῦ
756 1947 993 1986 κεκινῆσθαι·
1045 1944 1078 1979 εἰ
1103 1944 1176 1987 γὰρ
1203 1944 1271 1986 ὅλη
1300 1944 1443 1987 κίνησις
1468 1943 1574 1986 ΔΕΖ,

157 2010 228 2053 οὐχ
258 2010 329 2044 ἕξει
363 2009 508 2053 κίνησιν
540 2009 588 2043 τὰ
617 2009 728 2053 μόρια
754 2009 859 2047 τόίΔ
887 2009 947 2043 καὶ
975 2009 1020 2042 τὸ
1048 2009 1070 2043 Ε
1098 2009 1158 2043 καὶ
1185 2009 1230 2043 τὸ
1259 2008 1308 2043 Ζ·
1359 2011 1477 2044 κεῖται
1502 2009 1574 2053 γὰρ

158 2076 203 2110 οὐ
231 2076 411 2109 κινεῖσθαι
437 2071 520 2108 καθ’
548 2073 712 2116 ἑκάστην
738 2073 889 2107 τούτων
920 2072 1014 2106 ἀλλὰ
1043 2075 1271 2114 κεκινῆσθαι.
1301 2072 1416 2108 ἔπειθ’
1446 2073 1505 2107 ὅτι
1530 2073 1574 2106 τὸ

158 2139 376 2182 κεκινῆσθαί
407 2148 526 2183 φησιν
561 2139 696 2182 ἀληθὲς
732 2138 791 2181 ἐφ’
820 2139 866 2172 οῦ
901 2139 1091 2180 μηδέποτε
1122 2138 1167 2172 τὸ
1201 2140 1381 2173 κινεῖσθαι
1417 2139 1575 2180 γέγονεν

158 2205 305 2248 ἀληθές,
347 2206 407 2239 καὶ
432 2204 478 2239 τὸ
504 2204 762 2247 διεληλυθέναι
795 2203 975 2247 ὑπάρχειν
1005 2203 1035 2246 ᾧ
1063 2204 1112 2245 μὴ
1140 2204 1328 2247 πρότερον
1360 2203 1405 2238 τὸ
1432 2202 1574 2244 διιέναι,

160 2269 282 2304 καὶτὸ
303 2268 536 2312 βεβαδικέναι
563 2269 594 2313 ᾧ
621 2269 670 2310 μὴ
697 2268 883 2312 πρότερον
911 2268 954 2302 τὸ
983 2267 1156 2310 βαδίζειν,
1184 2269 1244 2302 καὶ
1270 2268 1367 2309 ὅλως
1385 2267 1429 2302 τὸ
1448 2278 1574 2312 παρῳ-

157 2335 322 2377 χημένον
349 2333 485 2378 ἀληθὲς
511 2334 556 2368 οὗ
582 2333 628 2368 τὸ
655 2333 820 2374 ἐνεστὼς
846 2332 1023 2367 οὐδέποτ’
1043 2332 1088 2366 ἂν
1117 2332 1263 2374 ἀληθές.
1292 2333 1346 2366 ἔτι
1373 2332 1414 2366 δὲ.
1441 2331 1472 2366 εἰ
1499 2334 1574 2366 πᾶν

157 2399 202 2433 τὸ
237 2400 417 2433 κινεῖσθαι
449 2398 630 2441 πεφυκός,
671 2398 735 2432 ὅτε
768 2397 949 2440 πέφυκεν,
987 2397 1072 2437 ἤτοι
1108 2399 1262 2431 κινεῖται
1296 2397 1332 2431 ἐξ
1359 2396 1526 2439 ἀνάγκης
1551 2396 1574 2438 ἢ

159 2463 297 2507 ἠρεμεῖ,
327 2461 403 2508 (εἰ)
431 2463 480 2505 μὴ
507 2465 663 2498 κινεῖται
687 2461 733 2496 τὸ
757 2461 787 2496 Ω
811 2461 907 2496 κατὰ
934 2461 978 2495 τὸ
1004 2462 1043 2504 Α,
1072 2461 1187 2503 δῆλον
1213 2461 1273 2496 ὅτι
1300 2460 1425 2504 ἠρεμεῖ
1454 2462 1493 2496 ἐν
1519 2464 1574 2505 τῷ

277 2603 299 2635 2
326 2600 483 2646 τούτου]
510 2601 580 2643 τὴν
605 2600 748 2635 τούτου
777 2599 890 2632 edidit
908 2599 1118 2632 Brandisius
1158 2597 1165 2644 1
1203 2600 1224 2634 5
1252 2599 1420 2635 Πλάτων
1440 2601 1573 2633 Timaea

157 2672 193 2704 p.
209 2661 271 2695 620
296 2661 302 2704 Ι
323 2660 467 2703 ταύτην
488 2671 546 2693 om
560 2660 691 2693 Brand.
726 2658 741 2703 ΙΙ
779 2659 821 2692 18
847 2658 1090 2702 αἰσχύνεσθαι
1108 2660 1229 2692 Aldus
1264 2659 1269 2701 1
1305 2659 1350 2692 25
1370 2658 1417 2704 εἰ]
1437 2660 1459 2700 ἡ
1478 2660 1573 2692 labri.

160 2720 204 2753 cs.
223 2719 375 2752 Aristot.
402 2719 426 2753 l.
447 2731 475 2754 s.
500 2730 534 2763 p.
549 2717 640 2753 23111
656 2718 700 2752 23
728 2719 751 2761 ἡ
779 2717 923 2759 κίνησις
948 2717 1009 2760 ἐφ’
1029 2717 1074 2761 ἧς
1091 2716 1196 2761 ΔΕΖ,
1223 2718 1271 2760 ἢν
1299 2717 1451 2761 ἐκινήθη
1479 2717 1523 2751 τὸ
1545 2717 1574 2752 Ω

161 2779 222 2814 ἐπὶ
245 2779 315 2821 τῆς
340 2777 424 2813 ΑΒΓ
470 2781 476 2820 1
522 2778 566 2813 33
597 2778 735 2823 ἠρεμεῖ,
764 2778 814 2820 μὴ
841 2780 996 2814 κινεῖται
1025 2777 1065 2812 δὲ
1091 2776 1136 2812 τὸ
1161 2778 1254 2811 coni.
1281 2776 1494 2820 Spengehus
