1842 3250
619 234 824 267 EPICVRI
856 234 1118 267 CANONICA
1513 234 1580 268 185

161 349 311 392 ἔρρειν
344 348 384 382 δὲ
411 348 642 390 ὁμολογοῦσι
674 348 782 389 τοὺς
815 348 1013 389 κανόνας
1045 349 1203 390 αὑτοῖς
1236 349 1308 382 καὶ
1340 348 1578 382 παντάπα-

163 422 233 447 σιν
260 412 469 455 οἴχεσθαι
494 411 545 446 τὸ
572 410 829 455 κριτήριον,
857 414 902 447 ἄν
929 422 1000 456 περ
1029 412 1221 456 εἰλικρινὲς
1247 413 1431 455 αἰσθητὸν
1450 413 1580 447 ὁτιοῦν

161 477 220 511 καὶ
248 476 297 519 μὴ
324 476 446 510 πολλὰ
471 477 635 511 ἕκαστον
661 475 916 517 &uolitantum

66 555 132 588 251
283 556 426 600 CICRRQ
452 557 597 589 Luculli
623 558 680 596 25,
702 558 746 591 79
784 557 941 590 ‘ueracis
969 569 1054 590 suos
1082 569 1161 590 esse
1189 569 1314 590 sensus
1342 559 1439 592 dicit.
1475 559 1582 599 igitur

123 627 138 651 5
161 633 300 665 semper
327 628 504 654 auctorem
525 622 634 654 habet
654 633 745 661 eum,
773 623 834 665 qui
861 633 989 664 magno
1016 633 1080 655 suo
1107 623 1270 666 periculo
1301 633 1461 655 caussam
1489 627 1579 664 agat.

162 697 204 718 eo
234 688 328 719 enim
355 698 427 719 rem
455 687 601 719 dimittit
628 687 817 730 Epicurus,
854 688 884 719 si
911 698 1001 719 unus
1029 697 1154 719 sensus
1185 687 1294 720 semel
1324 688 1359 719 in
1386 689 1460 719 uita
1485 697 1581 720 men·

161 751 246 783 titus
273 752 330 790 sit,
357 750 449 784 nulli
475 761 640 793 umquam
668 762 747 784 esse
775 751 1019 785 eredendum‘.

161 815 257 847 idem
276 815 321 847 de
339 820 410 849 nat.
429 816 528 848 deor.
547 821 561 848 1
579 815 638 854 25,
658 815 704 850 70
729 815 863 848 ‘timuit
882 816 1070 859 Epicurus,
1096 827 1140 848 ne
1167 816 1196 848 si
1222 827 1331 848 unum
1351 817 1468 848 uisum
1488 821 1582 848 esset

162 878 303 919 salsum,
330 880 468 912 nullum
493 885 589 912 esset
616 890 756 913 uerum:
789 881 903 913 omnis
930 891 1056 913 sensus
1081 881 1156 913 ueri
1183 881 1327 913 nuntios
1356 881 1445 912 dixit
1472 890 1551 912 esse
1563 880 1581 913 ‘.

111 950 140 974 ιο
163 943 257 976 idem
275 944 420 976 Luculli
439 944 496 984 32,
516 945 580 977 101
610 944 674 977 ‘ex
691 956 761 977 uno
781 945 928 987 Epicuri
953 946 1081 988 capite,
1112 945 1223 977 altero
1252 950 1370 977 uestro
1399 945 1580 988 perceptio

163 1018 196 1040 et
224 1008 487 1051 conprehensio
512 1008 664 1042 tollitur.
708 1009 815 1051 Quod
844 1015 899 1042 est
928 1016 1032 1052 caput
1060 1009 1226 1052 Epicuri?
1253 1010 1287 1041 si
1317 1009 1456 1041 ullum
1483 1020 1580 1041 sen—

163 1084 234 1105 sus
261 1073 398 1105 uisum
428 1073 586 1105 salsum
613 1078 696 1111 est,
724 1074 840 1107 nihi}
869 1079 1023 1117 potest
1049 1075 1235 1116 percipi.
1265 1074 1372 1115 Quod
1404 1074 1582 1106 uestrum?

162 1139 272 1170 “sunt
298 1137 388 1169 falsa
414 1148 540 1169 sensus
566 1137 685 1171 uisa”.
728 1138 816 1181 quid
845 1138 1026 1181 sequitur?
1053 1144 1090 1170 ut
1116 1143 1263 1176 taceam,
1289 1138 1477 1171 conclusio
1505 1139 1583 1181 ipsa

161 1203 339 1246 loquitur:
366 1203 456 1235 nihil
487 1214 596 1247 posse
623 1203 790 1246 porcipi’.

108 1273 139 1299 ιδ
162 1269 251 1302 ibid.
278 1268 396 1311 26,S3
423 1268 610 1311 ‘quattuor
637 1275 719 1301 sunt
745 1269 871 1311 capita,
899 1279 990 1311 quae
1019 1268 1235 1301 concludant
1259 1267 1350 1302 nihil
1377 1278 1456 1300 esse
1484 1267 1582 1310 quod

162 1333 262 1366 nosci
294 1333 430 1376 percipi
463 1333 708 1376 conprehendi
741 1334 855 1376 possit
884 1359 917 1366 ..
943 1359 949 1365 .
974 1359 981 1365 .
1011 1343 1028 1364 e
1056 1332 1186 1375 quibus
1214 1332 1364 1374 primum
1398 1337 1462 1370 est,
1503 1342 1582 1364 esse

162 1398 309 1441 aliquod
337 1398 452 1430 uisum
480 1398 609 1430 falsum
639 1423 816 1431 .......
846 1398 997 1441 primum
1023 1397 1201 1440 Epicurus
1229 1407 1301 1429 non
1328 1396 1417 1429 dat'.

161 1460 418 1496 PLv'rAchvs
443 1463 523 1495 adu.
551 1461 705 1494 Coloten
731 1462 776 1495 28
802 1472 837 1504 p.
863 1459 971 1496 1124b
999 1461 1029 1495 εἰ
1058 1460 1097 1495 δὲ
1125 1461 1210 1503 περὶ
1237 1460 1388 1494 τούτων
1417 1460 1581 1494 δυνατόν

162 1528 266 1562 ἐστιν
298 1526 459 1570 ἐπέχειν,
498 1526 588 1561 οὐδὲ
615 1527 700 1569 περὶ
724 1527 804 1560 τῶν
831 1526 955 1560 ἄλλων
989 1525 1180 1562 ἀδύνατον
1210 1525 1306 1560 κατά
1334 1535 1377 1569 γε
1406 1525 1502 1565 ὑμᾶς
1529 1524 1582 1559 αἵ·

107 1599 140 1624 20
163 1594 300 1635 σθησιν
325 1590 539 1634 αἰσθήσεως
564 1601 624 1625 και
649 1588 867 1635 φαντασίαν
891 1589 1104 1632 φαντασίας
1131 1589 1211 1623 οὐδ’
1232 1589 1362 1623 ὁτιοῦν
1390 1588 1583 1631 διαφέρειν

163 1656 410 1699 ἡγουμένους.

163 1720 252 1753 ibid.
272 1719 386 1754 1123(ι
410 1721 435 1763 ἡ
453 1719 525 1763 γὰρ
551 1719 691 1762 ἰσότης,
718 1719 765 1761 ἣν
793 1717 1035 1753 ὑποτίθενται
1062 1720 1164 1759 πᾶσι,
1197 1719 1275 1751 τῶν
1302 1717 1584 1757 νενομισμένων

163 1783 347 1828 ἀφίστησι
371 1786 514 1827 μᾶλλον
540 1784 564 1827 ἢ
590 1783 817 1828 προστίθησι
845 1786 925 1824 τοῖς
949 1783 1182 1826 παραλόγοις
1206 1782 1278 1824 τὴν
1305 1780 1442 1819 πίστιν.

68 1865 139 1900 252
285 1865 430 1901 CICERO
455 1866 600 1900 Luculli
627 1867 661 1905 7,
688 1867 726 1902 19
765 1866 849 1899 ‘nec
876 1876 962 1898 uero
996 1865 1065 1897 hoc
1096 1864 1179 1896 loco
1213 1862 1492 1907 exspectandum
1520 1866 1585 1899 est,

107 1937 139 1964 ‘25
164 1932 248 1965 dum
274 1932 319 1965 de
345 1942 442 1964 remo
469 1931 600 1964 inflexo
626 1935 685 1964 aut
711 1931 755 1962 de
780 1931 879 1963 collo
906 1930 1095 1962 columbae
1121 1928 1369 1971 respondeam.
1400 1937 1472 1959 non
1491 1927 1584 1958 enirn

163 1997 195 2031 is
221 2007 310 2037 sum,
337 1997 398 2040 qui
425 1996 596 2040 quicquid
624 1997 777 2033 uidetur,
805 1995 875 2027 tale
905 1996 1020 2026 dicam
1048 2004 1127 2026 esse
1154 1993 1260 2036 quale
1288 1992 1467 2030 uideatur:
1501 1990 1586 2033 Epi-

163 2058 268 2095 curus
294 2063 363 2096 hoe
390 2061 523 2095 uiderit
551 2067 585 2094 et
611 2061 680 2094 alia
705 2058 843 2094 mhlta‘.

163 2125 420 2161 PLVTABGHVS
448 2131 570 2159 contra
599 2125 753 2159 Coloten
780 2125 825 2158 25
852 2136 887 2168 p.
907 2123 1018 2158 1121·
1052 2122 1090 2166 (ὁ
1116 2121 1319 2164 Κωλώτης)
1348 2121 1414 2162 οὓς
1441 2120 1481 2155 ἑν
1507 2123 1588 2161 τοῖς

163 2190 386 2235 Ἐπικούρου
419 2189 634 2234 γράμμασιν
667 2189 876 2225 ἀσπάζεται
910 2189 971 2222 καὶ
1003 2187 1132 2231 ἀγαπᾷ
1164 2187 1302 2228 λόγους
1333 2186 1379 2220 οὐ
1413 2184 1586 2228 συνίησιν

108 2265 142 2290 ³0
166 2256 257 2292 οὐδὲ
282 2256 461 2298 γινώσκει
485 2255 717 2298 λεγομένους
734 2255 798 2297 ὑφ’
819 2254 972 2296 ἑτέρων.
1000 2252 1036 2286 οἱ
1054 2252 1126 2294 γὰρ
1146 2250 1306 2286 εἰδώλου
1325 2248 1584 2293 προσπίπτον-

165 2329 232 2362 τος
262 2320 351 2364 ἡμῖν
381 2322 630 2364 περιφεροῦς,
671 2318 804 2361 ἑτέρου
838 2318 879 2352 δὲ
911 2316 1169 2358 κεκλασμένου
1202 2316 1272 2357 τὴν
1307 2315 1374 2357 μὲν
1410 2313 1585 2357 αἴσθησιν

285 2475 310 2509 2
334 2476 382 2510 ἂν
407 2474 440 2510 εἷ
464 2485 536 2518 περ
563 2474 771 2517 Madnigius
799 2474 940 2507 aduers.
966 2480 981 2505 1
1007 2484 1041 2516 p.
1062 2472 1132 2507 675
1159 2472 1305 2504 soloece
1353 2470 1358 2513 !
1409 2471 1429 2503 3
1458 2469 1584 2504 ἀπέλι-

169 2544 243 2570 πον
258 2534 353 2568 libri.
373 2535 534 2577 sequitur
551 2534 592 2567 fr.
608 2534 653 2568 58
683 2533 700 2576 Η
731 2534 754 2566 4
774 2535 863 2566 dicit
877 2532 954 2565 scil.
977 2532 1202 2564 aduersarius
1220 2530 1363 2563 Stoicus
1399 2530 1404 2570 1
1440 2529 1461 2561 5
1480 2529 1591 2560 habet

169 2594 390 2635 Maduigius,
417 2593 671 2626 CFGMueller
689 2593 726 2624 in
744 2591 976 2624 Fleckeiseni
996 2591 1116 2622 annali
1139 2589 1232 2623 1864
1249 2600 1283 2632 p.
1306 2589 1390 2622 130:
1417 2589 1528 2620 hahes
1555 2592 1590 2618 et

166 2653 251 2686 libri
289 2653 295 2695 Ι
333 2653 355 2686 6
383 2653 427 2686 cf.
446 2653 487 2686 fr.
503 2652 572 2685 243
591 2663 626 2696 p.
645 2652 723 2694 178,
743 2652 786 2685 14
828 2650 844 2694 11
887 2651 933 2684 25
960 2651 1006 2682 cs.
1025 2650 1098 2683 Cic.
1117 2649 1206 2682 ibid.
1226 2648 1284 2686 25,
1305 2647 1350 2682 79
1372 2647 1378 2690 1
1401 2644 1515 2690 remo]
1542 2646 1587 2678 cf.

164 2712 354 2745 Lucretius
372 2719 416 2745 lv
434 2711 504 2745 436
520 2722 571 2753 sq.
595 2711 600 2752 Ι
623 2710 721 2743 collo
740 2706 947 2753 columbae]
967 2709 1010 2742 cf.
1029 2709 1124 2743 idem
1143 2715 1173 2741 11
1191 2708 1258 2741 801
1277 2717 1354 2750 sqq.
1394 2705 1399 2749 Ι
1436 2706 1482 2739 30
1508 2703 1586 2739 ἑτέ-

166 2768 261 2816 ρων]
288 2780 368 2803 cum
391 2769 596 2815 Cyrenaicis
623 2769 772 2803 Colotes
797 2767 982 2812 pugnabat
