1846 3288
492 215 560 247 DE
587 214 792 248 EPICVRI
817 214 1064 249 EPISTVLA
1089 214 1145 247 111
1400 214 1527 248 XLm

109 331 215 370 infra
237 342 276 381 p.
291 326 406 380 LVI),
425 328 573 367 Sextus
595 328 811 379 empiricus
834 329 973 379 hypot.
990 336 1046 369 111
1064 330 1145 368 229
1163 326 1278 378 (uide
1300 328 1529 368 subsidium

111 400 320 449 interpret.
336 409 376 447 p.
400 397 479 435 391
503 397 559 433 ad
583 408 623 446 p.
649 397 715 441 61,
738 394 792 445 5),
820 396 1064 435 Lactantius
1087 391 1237 447 (ibid.)‚
1269 395 1525 435 Ambrosius.

111 472 155 505 et
195 465 260 504 hic
289 465 456 515 quidem
499 463 592 501 loco
622 463 720 501 satis
753 464 1005 502 memorabili
1035 465 1140 502 duas
1172 463 1292 502 huius
1321 463 1526 514 epistulae

111 533 339 572 sententias
371 531 556 581 exprimit
599 530 711 568 hisce
741 531 874 568 uerbis
908 532 1026 581 epist.
1058 526 1218 584 (classis
1249 528 1286 578 1)
1319 537 1442 571 LXIII
1476 533 1527 570 19

110 607 139 640 t.
170 608 188 642 1
218 612 258 652 p.
287 595 416 639 1027d
451 599 519 637 ed.
562 597 736 636 Mam-in.
803 599 948 635 clamat
975 611 1067 649 ergo
1099 599 1168 636 ille
1198 593 1449 651 (Epicurus),
1480 604 1531 636 ut

113 667 412 708 Demarchus
442 667 604 712 adserit,
637 666 729 715 quia
760 678 833 703 non
856 667 1075 715 potationes
1097 679 1218 716 neque
1246 668 1529 704 comissationes

115 749 180 774 nec
199 735 384 786 filiorum
414 733 563 771 soboles
592 730 689 784 (sic)
711 745 778 770 nec
795 730 1048 783 seminarum
1077 734 1237 783 copulae
1269 747 1336 771 nec
1355 735 1528 783 piscium

113 804 222 853 copia
263 801 507 850 aliorumque
540 800 659 838 huius
698 801 806 837 modi
842 813 941 850 quae
969 801 1172 850 splendido
1210 802 1305 839 usui
1321 806 1529 851 parantur

111 871 294 917 conuiuii,
337 881 494 907 suauem
533 869 656 906 uitam
687 866 857 918 fizciant
891 869 962 905 sed
997 868 1135 906 sobria
1185 870 1406 919 des-putam.
1466 870 1528 906 de-

113 940 227 988 nique
264 937 431 985 addidit,
480 937 586 986 quod
617 937 652 974 ie·
678 936 798 985 copiis
833 937 1013 974 conuiuii
1037 938 1228 974 moderate
1260 941 1429 975 utantur
1459 938 1533 986 qui

110 1018 186 1043 non
226 1006 470 1042 immoderate
509 1016 573 1041 eas
614 1009 821 1052 quaerunt.
880 1016 971 1041 suco
1006 1005 1090 1041 solo
1128 1008 1165 1041 et
1184 1011 1292 1053 pane
1322 1004 1388 1042 uel
1424 1017 1528 1054 aqua

112 1073 185 1122 qui
198 1072 366 1110 libenter
387 1072 529 1117 utitur,
560 1071 713 1120 despuit
733 1071 967 1108 deliciarum
998 1072 1146 1120 epulas,
1183 1072 1278 1121 quia
1299 1072 1447 1108 multae
1476 1084 1530 1108 ex

111 1140 171 1177 his
198 1143 447 1189 generantur
475 1139 682 1177 molestiae.
728 1137 789 1175 his
821 1138 1085 1176 manifestum
1117 1144 1180 1176 est
1212 1139 1342 1188 primo
1374 1139 1530 1188 epistu-

109 1207 173 1245 lae
193 1214 249 1246 ΙΙΙ
279 1207 413 1245 locum
433 1206 547 1252 §132
572 1217 609 1255 p.
633 1207 699 1256 64,
720 1207 770 1244 12
804 1203 856 1245 οὐ
887 1203 969 1255 γὰρ
1002 1203 1180 1246 πότοι..
1203 1237 1211 1244 .
1231 1208 1281 1245 15
1305 1204 1529 1257 λογισμός,

110 1274 209 1311 dein
239 1274 425 1311 eiusdem
457 1270 579 1322 §130
609 1285 648 1323 p.
671 1274 808 1317 63,19
831 1270 988 1321 ἥδιστα
1020 1271 1305 1323 πολυτελείας
1338 1270 1528 1314 ἀπολαύ-

110 1348 237 1380 ουσιν
268 1337 308 1380 οἱ
339 1337 496 1389 ἥκιστα
524 1338 683 1390 ταύτης
714 1337 914 1390 δεόμενοι
935 1341 1060 1378 latine
1083 1341 1186 1378 uerti
1217 1341 1316 1379 satis
1347 1342 1528 1391 indocte,

110 1414 321 1458 postremo
355 1408 572 1457 fragmenti
608 1409 680 1447 181
718 1405 785 1457 (cf.
818 1420 858 1457 p.
883 1404 1074 1459 346,19)
1115 1409 1363 1447 sententiam
1393 1410 1527 1445 breui-

111 1476 252 1514 uscule
292 1477 423 1515 reddi.
490 1476 594 1514 haec
636 1477 758 1525 igitur
789 1475 1029 1514 Ambrosius
1070 1489 1153 1515 non
1192 1490 1243 1515 ex
1275 1477 1453 1527 Epicuro
1483 1490 1527 1515 se

108 1545 243 1594 ipsum
303 1544 515 1582 sustulisse
560 1545 636 1581 sed
682 1542 916 1581 Demarcho
959 1545 1122 1581 cuidam
1165 1544 1318 1584 debere
1367 1544 1527 1582 fatetur.

111 1612 225 1663 quod
263 1623 413 1649 nomen
453 1623 543 1649 cum
576 1612 682 1649 iuter
725 1611 996 1661 philosophos
1023 1624 1196 1660 graecos
1228 1612 1410 1649 auditum
1444 1624 1528 1649 non

112 1681 176 1726 sit,
209 1679 336 1718 facilis
367 1685 441 1727 est,
489 1692 541 1716 ne
581 1679 715 1717 dicam
747 1680 984 1717 necessaria
1017 1680 1254 1717 coniectura
1285 1691 1419 1729 eaque
1450 1680 1530 1717 iam

110 1748 163 1786 ab
203 1748 428 1786 editoribus
459 1747 656 1785 Maurinis
697 1748 921 1797 proposita,
970 1760 1052 1785 non
1083 1748 1206 1785 istum
1237 1747 1529 1791 Demarchum,

111 1816 188 1854 sed
232 1814 592 1853 Hermarchum
629 1821 840 1853 auctorem
882 1814 1099 1852 Ambrosio
1144 1814 1283 1852 fuisse.
1346 1815 1459 1864 quod
1497 1815 1530 1852 si

111 1888 224 1922 recte
255 1883 488 1931 statuimus,
520 1889 667 1921 testem
689 1883 826 1920 nancti
847 1894 986 1920 sumus
1010 1882 1371 1933 locupletissimum
1394 1883 1528 1932 ipsum

114 1950 279 2002 Epicuri
311 1962 592 1989 successorem
627 1950 903 2000 librorumque
936 1949 1145 1990 heredem.

225 2019 386 2067 Agmen
415 2018 569 2056 claudit
598 2018 715 2068 quasi
747 2016 956 2067 κολοφὼν
993 2023 1037 2055 ut
1068 2017 1124 2055 ait
1153 2016 1343 2055 Laertius
1376 2015 1530 2057 ἐπικεί-

111 2097 242 2136 μενος
284 2085 440 2123 libellus
480 2097 578 2123 uere
609 2097 759 2123 aureus
793 2082 980 2134 Κύριαι
1023 2081 1188 2125 δόξαι.
1249 2085 1435 2123 continet
1465 2085 1529 2122 ille

110 2152 353 2203 disciplinae
371 2152 604 2203 Epicureae
625 2153 680 2190 de
710 2152 832 2190 rebus
863 2151 1114 2201 grauissimis
1146 2158 1370 2202 praecepta
1400 2160 1443 2189 et
1475 2152 1530 2189 ad

112 2221 223 2258 uitae
254 2220 588 2270 tranquillitatem
626 2220 802 2258 maxime
830 2216 1090 2258 necessaria¹
1129 2219 1171 2257 in
1201 2220 1371 2256 breuem
1401 2220 1530 2270 plera·

112 2299 193 2338 que
230 2286 444 2325 formulam
474 2288 657 2326 redacta.
707 2287 908 2338 Epicurus
940 2288 1062 2330 enim,
1095 2287 1164 2336 qui
1194 2286 1420 2336 discipulos
1441 2299 1532 2336 gra-

112 2355 277 2393 uissima
317 2366 510 2404 quaeque
551 2362 777 2404 praecepta
816 2354 1039 2392 memoriae
1069 2354 1268 2391 mandare
1294 2360 1337 2391 et
1367 2353 1532 2392 firmiter

111 2429 252 2461 tenere
292 2420 488 2470 iuberet2‚
538 2435 680 2461 curare
720 2423 864 2461 debuit
903 2428 948 2460 ut
979 2434 1028 2460 ea
1064 2421 1201 2460 uerbis
1231 2428 1274 2459 et
1307 2422 1530 2472 perspicuis

235 2533 253 2567 1
286 2533 334 2568 τὰ
367 2535 585 2577 κυριώτατα
611 2534 767 2577 Epicuro
803 2544 872 2566 non
906 2533 1022 2566 solum
1052 2543 1108 2565 res
1142 2533 1240 2575 ipsae
1266 2538 1348 2565 sunt
1371 2537 1408 2564 ut
1434 2541 1491 2575 ep.
1519 2538 1532 2564 1

111 2605 146 2638 p.
165 2593 198 2636 3,
217 2591 250 2627 7.
269 2591 325 2628 28.
343 2592 398 2627 16.
418 2592 474 2631 29,
493 2591 538 2626 14
564 2593 627 2625 sed
648 2593 751 2625 etiam
779 2598 965 2636 praecepta
990 2592 1036 2624 de
1063 2591 1115 2624 eis
1143 2596 1182 2623 ut
1206 2591 1295 2624 ibid.
1323 2591 1381 2628 31.
1399 2590 1421 2624 '2
1439 2590 1530 2634 μνή·

112 2661 186 2695 μην
211 2654 292 2687 τῶν
316 2651 418 2686 ὅλων
445 2652 506 2686 καὶ
531 2652 778 2695 κυριωτάτων
810 2657 843 2684 et
876 2650 935 2690 39,
957 2650 978 2683 τ’)
1013 2650 1085 2692 τὴν
1117 2649 1194 2691 ἅμα
1219 2648 1380 2692 νοήματι
1406 2647 1530 2693 περίο-

113 2711 180 2745 δον
206 2712 286 2744 τῶν
312 2710 558 2754 κυριωτάτων
584 2711 628 2744 cs.
655 2711 688 2748 3,
718 2710 761 2743 14
787 2709 810 2752 ἡ
840 2709 1056 2752 κυριωτάτη
1084 2708 1253 2751 ἐπιβολὴ.

232 2768 255 2803 2
281 2769 365 2801 uide
391 2770 538 2803 maxime
564 2780 618 2813 ep.
646 2777 659 2802 1
685 2769 731 2804 36
759 2774 792 2802 et
819 2769 862 2802 cf.
888 2768 937 2803 ib.
960 2768 1006 2803 83
1032 2769 1078 2812 (p.
1097 2768 1156 2807 31,
1181 2768 1235 2811 18)
1260 2775 1291 2802 11
1311 2765 1359 2802 85
1386 2765 1455 2807 (35,
1474 2766 1529 2802 16.
