1842 3250
179 738 248 771 334

179 1825 245 1858 336

276 258 346 291 226
755 259 961 292 EPICVRI
985 261 1203 293 PHYSICA

276 373 470 416 Epicurus:
498 373 529 404 is
559 373 650 405 enim
678 374 829 406 credidit
855 374 940 406 limo
966 375 1115 408 calfacto
1143 381 1262 408 uteros
1289 377 1411 408 nescio
1440 387 1530 420 quos
1559 378 1682 409 radici-

275 437 341 468 bus
369 433 482 469 terr'iie
510 438 741 469 cohaerentes
763 439 912 480 primum
938 439 1132 471 inereuisse
1159 444 1194 471 et
1219 440 1416 472 infantibus
1443 451 1484 472 ex
1513 452 1550 473 se
1576 441 1682 473 editis

274 501 470 541 ingenitum
506 501 608 533 lactis
645 512 800 534 umorem
836 508 960 535 natura
993 503 1213 536 ministrante
1248 505 1468 547 praebuisse,
1508 516 1598 548 quos
1633 506 1682 537 ita

275 565 446 597 educatos
475 571 507 597 et
535 566 676 598 adultos
704 577 815 607 genus
843 567 1032 599 humanum
1057 570 1279 611 'propagasse
1290 568 1309 602 ².

322 663 388 694 DE
414 663 684 704 LOQVELLA

394 732 590 765 ORIGENES
618 739 739 765 eontra
765 734 908 766 Celsum
929 743 940 767 1
959 735 1004 767 24
1025 747 1057 778 p.
1078 735 1118 769 18
1138 736 1296 769 Hocsch.
1331 735 1505 777 ἐμπίπτει
1531 763 1538 769 .
1559 763 1566 770 .
1588 763 1594 770 .
1622 736 1682 771 λό-

273 808 339 838 γος
367 798 479 838 βαθὺς
511 799 570 830 καὶ
597 797 812 843 ἀπόρρητος
838 801 858 832 ὸ
886 801 969 841 περὶ
996 800 1148 842 φύσεως
1177 799 1388 841 ὀνομάτων,
1423 801 1597 843 πότερον,
1633 801 1684 841 ὡς

275 862 390 895 οἴεται
418 862 687 905 Ἀριστοτέλης,
728 863 827 897 θέσει
855 863 932 897 ἐστὶ
962 864 1009 897 τὰ
1042 864 1211 905 ὀνόματα
1239 891 1358 898 .....
1390 865 1412 905 ἢ
1441 865 1491 905 ὡς
1518 865 1683 899 διδάσκει

273 926 488 969 Ἐπίκουρος
517 945 557 950 -
588 926 725 969 ἑτέρως
750 927 772 969 ἢ
802 928 853 968 ὡς
879 927 1031 966 οἴονται]
1050 928 1085 962 οἱ
1113 928 1188 962 ἀπὸ
1221 930 1288 970 τῆς
1323 931 1436 970 στοᾶς
1461 947 1530 971 ——‚
1570 929 1683 972 φύσει

274 991 352 1025 ἐστὶ
387 991 433 1024 τὰ
469 990 648 1033 ὀνόματα,
678 991 986 1034 ΔάπορρηΞάντων
1020 996 1098 1026 τῶν
1133 993 1297 1036 πρώτων
1331 993 1544 1036 ἀνθρώπων
1579 993 1683 1034 τινὰς

273 1056 404 1098 φωνὰς
432 1056 526 1089 κατὰ
553 1058 630 1089 τῶν
657 1058 900 1099 πραγμάτων.

396 1136 568 1170 l’noems
594 1138 629 1169 in
657 1138 748 1171 Plat.
777 1138 957 1180 Cratylum
985 1139 1027 1171 16
1054 1150 1087 1181 p.
1107 1140 1127 1172 6
1154 1140 1270 1172 Boiss,
1314 1139 1371 1172 ὅτι
1397 1142 1465 1181 τῆς
1491 1138 1682 1181 Κρατύλου

275 1203 383 1244 δόξης
416 1202 550 1243 γέγονε
576 1201 804 1245 Πυθαγόρας
834 1213 875 1236 τε
903 1204 962 1236 καὶ
991 1202 1216 1246 Ἐπίκουρος.
1277 1204 1364 1235 ibid.
1394 1204 1436 1236 17
1463 1215 1496 1246 p.
1516 1203 1537 1235 8
1570 1203 1590 1236 ὁ
1617 1203 1684 1244 μὲν

273 1266 341 1299 οὖν
369 1265 583 1308 Ἐπίκουρος
615 1266 711 1300 κατὰ
737 1267 781 1299 τὸ
811 1267 988 1309 δεύτερον
1021 1267 1297 1309 σημαινόμενον
1326 1268 1422 1310 ᾤετο
1450 1267 1562 1309 φύσει
1590 1268 1683 1301 εἶναι

272 1331 319 1364 τὰ
347 1330 523 1372 ὀνόματα,
564 1331 614 1371 ὡς
644 1331 734 1374 ἔργα
766 1332 918 1373 φύσεως
950 1332 1228 1373 προηγούμενα,
1271 1331 1321 1372 ὡς
1353 1332 1422 1373 τὴν
1456 1332 1590 1374 φωνὴν
1624 1332 1684 1364 καὶ

274 1396 343 1437 τήν
370 1395 500 1438 ὅρασιν
529 1396 587 1428 καὶ
614 1396 665 1435 «sug
692 1395 735 1428 τὸ
765 1396 856 1438 ὁρᾶν
885 1396 944 1428 καὶ
969 1396 1013 1428 τὸ
1041 1395 1203 1437 ἀκούειν,
1242 1395 1364 1436 οὕτως
1390 1396 1450 1428 καὶ
1476 1395 1520 1428 τὸ
1548 1395 1683 1436 ὀνομά-

274 1461 365 1493 Ζειν·
394 1461 485 1500 ιύςτε
515 1461 575 1493 καὶ
601 1460 645 1492 τὸ
674 1460 793 1502 ὄνομα
820 1461 931 1502 φύσει
959 1461 1053 1493 εἶναι
1075 1461 1125 1500 ὡς
1145 1460 1256 1501 ἔργον
1276 1459 1430 1501 φύσεως
1565 1460 1585 1492 ὁ
1612 1448 1689 1502 γὰρ1

1709 683 1725 708 ιἾ

1709 1005 1740 1029 10

1711 1344 1740 1367 15

273 1524 489 1567 Ἐπίκουρος
516 1526 653 1566 ἔλεγεν,
678 1525 733 1557 ὅτι
761 1525 843 1566 οὐχὶ
871 1525 1134 1567 ἐπιστημόνως
1160 1525 1270 1558 οὑτοι
1286 1523 1336 1566 (οἱ
1358 1525 1499 1566 πρῶτοι
1518 1523 1683 1566 θέμενοι)
1730 1519 1731 1523 ’

273 1590 402 1622 ἔθεντο
421 1589 467 1622 τὰ
487 1588 665 1630 ὸνόματαῆ
693 1588 786 1622 ἀλλὰ
813 1591 983 1630 φυσικῶς
1009 1590 1232 1630 κινούμενοι,
1261 1588 1311 1629 ὡς
1338 1587 1373 1621 οἱ
1401 1587 1605 1630 βήσσοντες
1624 1589 1683 1622 καὶ

272 1652 492 1695 πταίροντες
520 1653 578 1685 καὶ
606 1652 819 1693 μυκώμενοι
845 1652 904 1685 καὶ
930 1653 1180 1692 ὑλακτοῦντες
1207 1652 1267 1684 καὶ
1294 1651 1548 1692 στενάζοντες.

320 1753 386 1784 DE
414 1752 589 1784 MORTE

394 1821 538 1853 AETn‘s
567 1820 804 1862 (Plutarchus)
830 1827 870 1851 iv
891 1820 923 1857 7,
943 1819 964 1852 4
990 1830 1024 1862 p.
1044 1819 1113 1852 393
1131 1820 1176 1851 D.
1204 1818 1442 1862 Δημόκριτος
1468 1817 1684 1861 Ἐπίκουρος

275 1884 359 1927 (τὴν
386 1884 527 1929 ψυχὴν)
555 1884 729 1927 φθαρτὴν
755 1887 809 1926 τῷ
838 1883 983 1925 σώματι
1011 1884 1410 1927 συνδιαφθειρομένην.

397 2021 411 2053 1
441 2021 484 2053 cf.
504 2022 665 2053 Laetam.
689 2020 760 2054 diu,
781 2020 859 2052 inst.
880 2027 935 2052 VH
955 2022 989 2057 7,
1008 2019 1028 2052 9
1064 2019 1215 2052 ‘errauit
1241 2030 1326 2060 ergo
1354 2020 1593 2057 Democritus,
1621 2018 1682 2061 qui

275 2080 550 2112 ueririiculorum
585 2080 694 2111 modo
727 2080 865 2121 putauit
891 2079 1086 2121 (homines)
1116 2079 1247 2111 effusos
1284 2090 1361 2110 esse
1389 2080 1433 2111 de
1461 2084 1553 2110 terra
1581 2078 1682 2109 nullo

275 2147 417 2170 auctore
444 2139 615 2181 nullaque
642 2138 808 2171 ratione’.
842 2138 1028 2170 Lucretius
1052 2146 1074 2170 v
1095 2137 1159 2170 791
1179 2149 1255 2181 sqq.
1282 2138 1455 2179 (Laetam.
1476 2146 1497 2170 ιι
1523 2136 1592 2179 11).
1627 2137 1683 2168 De

274 2204 376 2230 aucto
406 2199 502 2230 cultu
530 2199 681 2230 humano
707 2198 780 2230 uid.
801 2199 866 2240 Ep.
887 2208 940 2239 cp.
959 2205 972 2230 1
992 2198 1037 2230 75
1065 2198 1141 2229 cuin
1162 2199 1258 2230 subs.
1278 2198 1421 2240 interpr.
1457 2196 1471 2239 Η
1506 2198 1527 2230 9
1554 2197 1596 2229 cf.
1615 2196 1682 2238 Ep.

273 2268 327 2300 cp.
348 2265 359 2289 Ι
379 2258 423 2289 75
442 2268 494 2300 sq.
519 2269 553 2299 p.
568 2258 625 2295 27,
642 2258 662 2289 4
689 2258 791 2288 Luer.
811 2265 837 2289 V
861 2256 1047 2289 1028—90
1072 2256 1161 2287 VH²
1180 2263 1229 2288 vu
1249 2256 1295 2288 26
1339 2254 1354 2298 ΙΙ
1404 2255 1445 2287 14
1464 2265 1540 2298 sqq.
1571 2254 1684 2286 edidit

273 2316 339 2347 iam
360 2316 565 2348 Gassendus
584 2327 617 2358 p.
636 2316 705 2348 702
744 2317 750 2359 Ι
789 2318 827 2348 14
852 2316 1030 2357 δεύτερον
1047 2315 1187 2357 scripsi:
1208 2316 1361 2357 πρῶτον
1381 2315 1475 2346 libri.
1502 2313 1683 2356 praemisit

273 2375 422 2406 Procius
449 2375 552 2407 haec:
582 2375 638 2408 ὅτι
656 2374 701 2407 τὸ
721 2373 866 2415 “φύσει’
885 2376 1091 2415 τετραχῶς·
1118 2373 1140 2414 ἢ
1160 2372 1232 2415 γὰρ
1252 2373 1302 2413 ὡς
1321 2372 1357 2406 αἱ
1379 2375 1456 2405 τῶν
1485 2372 1594 2416 ζῴων
1622 2370 1682 2404 καὶ

273 2436 406 2475 φυτῶν
442 2433 565 2467 οὐσίαι
600 2433 681 2467 ὅλαι
717 2443 755 2466 τε
791 2433 850 2466 καὶ
882 2432 928 2465 τὰ
963 2432 1055 2474 μέρη
1092 2432 1236 2465 αὐτῶν·
1279 2431 1302 2472 ἢ
1331 2430 1425 2474 (ὡς)
1461 2429 1498 2464 αἰ
1531 2429 1681 2463 τούτων

275 2493 454 2536 ἐνέργειαι
489 2493 548 2525 καὶ
575 2491 758 2534 δυνάμεις,
803 2491 853 2532 ὡς
880 2491 903 2532 ἡ
933 2493 1002 2524 τοῦ
1029 2490 1146 2533 πυρὸς
1175 2489 1367 2532 κουφότης
1392 2489 1452 2522 καὶ
1480 2488 1680 2530 θερμότης·

274 2552 295 2593 ἢ
325 2553 375 2591 ὡς
400 2551 437 2584 αἱ
463 2552 561 2584 σκιαὶ
587 2552 647 2584 καί
674 2550 711 2584 αἱ
738 2549 918 2592 ἐμφάσεις
945 2552 984 2583 ἐν
1011 2553 1088 2589 τοίς
1112 2549 1356 2591 κατόπτροις·
1383 2548 1405 2589 ἢ
1426 2548 1476 2588 ὡς
1495 2547 1532 2581 αἱ
1549 2557 1681 2589 τεχνη-

273 2610 331 2643 ταί
361 2609 502 2650 εἰκόνες
528 2610 683 2643 ἐοικυῖαι
713 2611 790 2649 τοῖς
818 2609 1041 2651 ἀρχετύποις
1068 2608 1225 2641 ἑαυτῶν.
1255 2608 1349 2638 unde
1369 2607 1472 2638 etiam
1493 2607 1582 2637 infra
1609 2616 1643 2647 p.
1659 2605 1681 2638 9

274 2670 294 2702 ὁ
314 2669 351 2702 δὲ
373 2668 559 2711 Κρατύλος
585 2667 679 2700 κατὰ
706 2668 750 2700 τὸ
776 2667 971 2709 τέταρτον,
999 2678 1070 2698 non
1098 2667 1276 2709 δεύτερον
1303 2666 1470 2698 Proelum
1495 2664 1680 2706 scripsisse

274 2735 419 2770 apparet
468 2724 473 2770 Ι
519 2726 566 2758 20
591 2725 815 2768 πταίροντες
842 2726 1068 2758 Gassendus:
1096 2726 1276 2766 πτὲοντες
1301 2723 1531 2756 Boissonadii
1556 2722 1637 2754 libri
1672 2719 1683 2766 Η

274 2786 317 2818 23
347 2787 388 2818 cf.
416 2785 514 2828 Epic.
543 2795 596 2826 ep.
627 2792 637 2816 Ι
665 2784 710 2817 65
737 2796 768 2827 p.
790 2785 847 2827 21,
866 2785 887 2818 S
922 2796 975 2827 ep.
1003 2793 1042 2817 111
1074 2785 1139 2818 124
1156 2795 1208 2826 sq.
1239 2789 1326 2815 sent.
1347 2791 1383 2816 u.
1422 2782 1605 2814 Lucretius
1635 2787 1677 2813 111

1184 2940 1205 2953 Μ

1708 1664 1741 1687 ‘20
