1842 3250
117 722 187 757 229

122 1835 166 1868 ‚³3

217 201 285 235 172
627 200 871 232 EPICVRVS
897 200 964 232 DE
990 200 1213 232 ARTIBVS

218 316 354 351 ἐκεῖνοι
381 316 545 357 λέγουσι,
585 316 645 349 καὶ
673 317 752 348 τῶν
778 314 972 357 Ὁμήρου
1006 315 1420 358 μωρολογημάτων
1454 315 1625 350 ἀποτίνει

213 380 355 422 ταύτας
380 380 586 424 Ἐπικούρῳ
613 379 774 423 χάριτας.

217 444 398 479 CLEMENS
425 450 543 479 strom.
563 452 587 477 v
608 445 652 477 14
671 456 705 488 p.
726 444 807 483 257,
826 445 873 477 52
904 444 1072 487 Ὅμηρος
1097 470 1105 478 .
1125 471 1133 479 .
1153 471 1161 479 .
1189 443 1232 479 ὃν
1258 444 1338 479 οὐδ’
1367 445 1488 486 οὕτως
1515 443 1624 479 αἰδεῖ-

215 521 276 545 ται
302 509 530 553 Ἐπίκουρος.

216 575 453 608 Armzmnvs
480 583 507 609 v
538 573 580 606 12
607 585 639 618 p.
663 574 748 607 187c
782 573 861 608 ἀλλ’
888 574 990 615 ὅμως
1014 576 1172 609 τοιαῦτα
1198 573 1412 617 γράφοντες
1438 572 1624 617 (Ἐπίκου-

216 650 281 684 ρος
309 640 369 674 καὶ
395 639 576 682 Πλάτων)
602 639 669 672 τὸν
696 638 866 681 Ὅμηρον
894 638 1115 680 ἐκβάλλουσι
1140 640 1219 672 τῶν
1245 639 1406 673 πόλεων.

334 719 582 754 HssnAcm'rvs
602 721 709 771 alleg.
728 721 876 754 Homer.
896 721 918 754 4
945 720 1025 754 οὐδ’
1046 720 1265 763 Ἐπικούρου
1284 720 1442 762 φροντὶς
1460 719 1557 762 ἡμῖν,
1584 718 1626 759 ὃς

214 787 282 828 τῆς
301 785 468 826 ἀσέμνου
496 785 580 827 περὶ
606 785 696 826 τοὺς
723 784 840 826 ἰδίους
867 784 1011 827 κήπους
1038 785 1178 826 ἡδονῆς
1196 784 1365 827 γεωργός
1390 783 1503 826 ἑστιν,
1531 782 1625 817 ἅπα-

215 859 286 885 σαν
313 851 408 891 ὁμοῦ
435 849 636 891 ποιητικὴν
666 850 790 891 ὥςπερ
820 848 990 892 ὀλέθριον
1017 849 1146 890 μύθων
1175 848 1306 892 δέλεαρ
1334 847 1623 891 ἀφοσιούμενος.

215 916 263 948 id.
292 916 337 948 75
373 915 394 949 ὁ
430 915 471 949 δὲ
498 913 615 948 Φαίαξ
650 914 863 956 φιλόσοφος
890 913 1106 956 Ἐπίκουρος
1141 914 1161 948 ὁ
1198 915 1266 956 τῆς
1299 914 1440 956 ἡδονῆς
1472 913 1512 946 ἑν
1547 914 1626 953 τοῖς

216 977 323 1021 ἰδίοις
353 978 488 1022 κήποις
519 978 687 1022 γεωργὸς
720 979 741 1013 ὁ
766 981 893 1012 πᾶσαν
926 978 1128 1021 ποιητικὴν
1163 978 1316 1021 ἄστροις
1350 976 1624 1020 σημηνάμενος,

215 1044 285 1078 οὐκ
312 1043 510 1086 ἐξαιρέτως
535 1043 652 1084 μόνον
678 1042 859 1085 Ὅμηρον.

217 1106 396 1141 PRocnvs
415 1108 451 1140 in
470 1106 636 1139 Platonis
655 1117 727 1139 rern
747 1106 927 1150 publicam
955 1117 987 1148 p.
1005 1106 1072 1138 382
1092 1107 1174 1138 Bas.
1202 1106 1262 1140 καὶ
1288 1106 1361 1149 πρὸ
1387 1108 1465 1140 τῶν
1491 1106 1625 1148 ἄλλων,

215 1172 286 1206 ὅσα
312 1173 397 1215 περὶ
430 1173 509 1205 τῶν
536 1171 576 1205 ἐν
604 1170 734 1205 Ἅιδου
768 1171 1053 1212 διαμυθολογῶν
1084 1171 1105 1204 ό
1131 1171 1291 1214 ποιητὴς
1318 1170 1576 1212 ἀνεφθέγξατο
1602 1170 1626 1212 ἢ

215 1236 331 1278 αὐτὸς
357 1237 479 1278 λέγων
506 1236 528 1279 ἢ
557 1235 658 1279 ἄλλῳ
684 1236 833 1277 λέγοντι
860 1236 1063 1278 χρώμενος,
1093 1235 1419 1278 διασκοπήσωμεν,
1452 1235 1527 1279 ὅπῃ
1555 1235 1627 1278 ἄρα

217 1300 394 1343 ἀληθείας
428 1300 554 1343 ἔχεταί
578 1311 681 1341 τινος
707 1301 766 1333 καὶ
793 1303 874 1340 ταῖς
899 1299 1108 1341 Πλάτωνος
1140 1299 1354 1343 ὑφηγήσεσι
1383 1299 1627 1343 προσήκοντα

216 1364 403 1408 φαίνεται.
506 1392 513 1398 .
535 1364 627 1399 ἀλλὰ
653 1365 700 1398 τὰ
726 1364 767 1399 ἐν
793 1364 914 1408 ταύτῃ
941 1368 987 1408 τῇ
1015 1363 1251 1408 πραγματείᾳ
1277 1365 1515 1408 γεγραμμένα
1533 1364 1627 1407 πρὸς

217 1433 272 1474 τῷ
291 1430 400 1472 τέλει,
427 1432 508 1470 πῶς
527 1430 572 1464 οὐ
591 1431 659 1471 τῆς
685 1429 802 1470 αὐτῆς
828 1430 906 1463 ἐστι
934 1428 1101 1470 διανοίας
1117 1432 1163 1472 τῇ
1182 1429 1362 1472 Ὁμηρικῇ
1381 1428 1530 1472 ποιήσει
1550 1456 1556 1462 .
1574 1457 1581 1463 .
1599 1440 1626 1469 .;

216 1494 252 1529 τί
277 1494 349 1538 γὰρ
377 1494 417 1528 ἐν
446 1493 598 1534 τούτοις
633 1492 877 1526 ἀπολείπεται
911 1494 979 1534 τῆς
1012 1491 1188 1535 μεγίστης
1219 1492 1446 1537 τραγῳδίας;
1487 1493 1580 1533 ὢςτε
1607 1493 1626 1527 ὁ

218 1558 332 1599 αὐτὸς
358 1558 469 1599 λόγος
495 1558 555 1591 καὶ
580 1560 701 1591 ταῦτα
727 1557 918 1598 ἐκβάλλειν
945 1557 967 1599 ἢ
995 1557 1089 1600 μηδὲ
1116 1558 1186 1599 τὴν
1212 1557 1414 1600 Ὁμηρικήν
1442 1556 1629 1592 αἰτιᾶσθαι

218 1621 473 1657 διδασκαλίαν.
524 1622 693 1663 λέγωμεν
719 1620 848 1655 τοίνυν
879 1621 937 1655 ἐπ’
966 1621 1194 1665 ἀμφότερον,
1235 1622 1267 1656 εἴ
1291 1632 1332 1656 τε
1358 1624 1436 1655 τῶν
1463 1622 1629 1656 Ἐπικου-

218 1687 330 1732 ρείων
362 1698 420 1728 τις
447 1686 617 1728 ἐγκαλεῖν
645 1685 849 1729 ἐπιχειροίη
877 1690 954 1728 τοῖς
981 1687 1169 1728 τοιούτοις
1201 1687 1331 1728 μύθοις
1357 1685 1390 1721 εἴ
1413 1697 1454 1721 τε
1481 1687 1541 1721 καὶ
1568 1687 1630 1722 ἅλ-

218 1755 282 1794 λος
307 1763 372 1794 τις,
400 1751 458 1786 ὅτι
484 1753 561 1786 κτλ.

341 1833 603 1867 PLVTARCHVS
629 1835 709 1867 adu.
737 1835 881 1877 Epicuri
908 1835 1163 1867 beatitudinem
1194 1835 1232 1868 11
1260 1846 1293 1877 p.
1318 1834 1423 1869 10930
1449 1835 1631 1870 ἐξωθοῦσι

218 1900 259 1934 δὲ
285 1901 345 1933 καί
371 1900 439 1940 τὰς
465 1898 540 1933 ἀπὸ
566 1901 645 1934 τῶν
672 1899 906 1941 μαθημάτων
932 1898 1115 1942 (ἡδονάς).

218 1965 467 1998 Avcvswmvs
500 1964 545 2004 de
578 1964 733 1996 utilitate.
765 1964 936 1996 credendi
971 1973 1000 1997 c.
1025 1964 1123 2002 6,13
1156 1968 1180 1997 t.
1205 1972 1279 1997 vm
1312 1976 1345 2008 p.
1365 1963 1427 1998 53f
1457 1965 1512 1998 ed.
1538 1966 1629 1998 Ven.

221 2029 312 2063 1719
355 2028 453 2072 ‘quis
493 2029 646 2072 denique
683 2030 982 2070 geometricas
1022 2029 1202 2062 litteras
1241 2029 1470 2062 Archimedis
1507 2030 1629 2071 legere

217 2095 386 2134 magistro
420 2093 577 2136 Epicuro
616 2098 674 2125 aut
709 2094 847 2125 discere
882 2093 1021 2125 uoluit?
1072 2099 1223 2126 contra
1260 2104 1365 2136 quas
1406 2093 1487 2126 ille
1526 2093 1630 2126 mul-

219 2162 305 2190 tum
343 2157 666 2201 pertinaciter,
706 2157 795 2189 nihil
832 2168 960 2195 earum,
1003 2162 1172 2200 quantum
1208 2158 1375 2197 arbitror,
1414 2158 1629 2199 intellegens

219 2220 501 2255 disserebat‘.

218 2285 262 2319 cs.
290 2284 415 2317 Cicero
444 2285 588 2317 Luculli
617 2285 764 2324 33,106
807 2284 1042 2328 ‘Polyaenns‚
1082 2286 1143 2328 qui
1179 2295 1326 2327 magnus
1360 2285 1629 2319 mathematicus

218 2440 361 2482 ἡδονὴν
389 2440 425 2475 ἐξ
442 2439 608 2484 Ὁμήρου
634 2443 751 2475 τοῦτο
777 2441 914 2483 λαβών,
944 2441 1150 2473 Heraclitus
1176 2440 1283 2482 alleg.
1308 2441 1415 2474 Hom.
1436 2441 1480 2474 75
1505 2428 1629 2474 Lucia'-

219 2510 284 2531 nus
313 2499 357 2532 de
381 2499 537 2542 parasito
568 2500 612 2532 10
632 2511 683 2543 sq.
719 2500 854 2532 Seneca
881 2500 984 2542 epist.
1002 2500 1060 2537 88,
1081 2500 1100 2532 5
1154 2500 1168 2540 ΙΙ
1224 2499 1246 2531 9
1274 2499 1402 2541 μύθων
1437 2500 1630 2533 delendum

217 2562 317 2601 putat
336 2558 520 2591 Mehlerus
555 2557 561 2602 Ι
599 2560 639 2592 11
669 2559 821 2602 ἄστροις
848 2559 1111 2602 σημηνάμενος
1130 2559 1172 2591 cs.
1190 2559 1220 2590 F
1221 2559 1405 2592 Iacobsius
1425 2560 1470 2592 ad
1486 2558 1630 2593 Aelian.

219 2617 263 2649 de
290 2621 359 2650 nat.
388 2627 442 2650 an.
467 2625 498 2650 11
524 2618 544 2650 7
570 2629 604 2661 p.
624 2618 669 2652 56
695 2617 910 2651 Leutsehius
930 2619 974 2650 ad
992 2618 1233 2659 Paroemiogr.
1255 2625 1268 2650 1
1286 2628 1318 2660 p.
1339 2617 1408 2651 206
1447 2614 1466 2660 Ι
1495 2617 1536 2651 18
1562 2619 1630 2658 τῆς

217 2674 419 2719 Ὁμηρικῆς
445 2675 636 2719 ποιήσεως
661 2678 769 2711 Basil.
819 2677 824 2718 Ι
870 2677 913 2710 21
942 2677 1004 2710 ὑπ’
1023 2676 1252 2720 ἀμφοτέρων
1277 2678 1358 2710 Bas.
1401 2676 1416 2720 ΙΙ
1458 2677 1502 2710 24
1528 2676 1631 2720 plura

219 2735 278 2766 dat
306 2735 513 2768 Gassendus
540 2737 595 2769 De
625 2737 698 2769 uita
722 2742 757 2768 et
782 2737 941 2771 moribus
968 2737 1115 2779 Epicuri
1139 2737 1264 2771 vra-5

1648 581 1664 607 5

1651 924 1683 948 10

1653 1245 1683 1271 15

1651 1567 1685 1591 20

1651 1908 1686 1934 25

1652 2233 1686 2261 80
