<?xml version="1.0" encoding="UTF-8"?>
<!DOCTYPE html PUBLIC "-//W3C//DTD XHTML 1.0 Transitional//EN"
    "http://www.w3.org/TR/xhtml1/DTD/xhtml1-transitional.dtd">
<html xmlns="http://www.w3.org/1999/xhtml" xml:lang="en" lang="en">
 <head>
  <title>
</title>
<meta http-equiv="Content-Type" content="text/html;charset=utf-8" />
  <meta name='ocr-system' content='tesseract 3.04.00' />
  <meta name='ocr-capabilities' content='ocr_page ocr_carea ocr_par ocr_line ocrx_word'/>
</head>
<body>
  <div class='ocr_page' id='page_1' title='image "./epicvreaedidithe00epicuoft/epicvreaedidithe00epicuoft_0155.png"; bbox 0 0 1846 3288; ppageno 0'>
   <div class='ocr_carea' id='block_1_1' title="bbox 0 2508 21 3288">
    <p class='ocr_par' dir='ltr' id='par_1_1' title="bbox 0 2508 21 3288">
     <span class='ocr_line' id='line_1_1' title="bbox 0 2508 21 3288; baseline 0 0"><span class='ocrx_word' id='word_1_1' title='bbox 0 2508 21 3288; x_wconf 95' lang='lat' dir='ltr'> </span> 
     </span>
    </p>
   </div>
   <div class='ocr_carea' id='block_1_2' title="bbox 31 1059 98 1094">
    <p class='ocr_par' dir='ltr' id='par_1_2' title="bbox 31 1059 98 1094">
     <span class='ocr_line' id='line_1_2' title="bbox 31 1059 98 1094; baseline 0 0"><span class='ocrx_word' id='word_1_2' title='bbox 31 1059 98 1094; x_wconf 79' lang='lat'>139</span> 
     </span>
    </p>
   </div>
   <div class='ocr_carea' id='block_1_3' title="bbox 1492 202 1535 237">
    <p class='ocr_par' dir='ltr' id='par_1_3' title="bbox 1492 202 1535 237">
     <span class='ocr_line' id='line_1_3' title="bbox 1492 202 1535 237; baseline 0.023 -1"><span class='ocrx_word' id='word_1_3' title='bbox 1492 202 1535 237; x_wconf 83' lang='lat'>71</span> 
     </span>
    </p>
   </div>
   <div class='ocr_carea' id='block_1_4' title="bbox 601 767 1063 900">
    <p class='ocr_par' dir='ltr' id='par_1_4' title="bbox 601 767 1063 900">
     <span class='ocr_line' id='line_1_4' title="bbox 677 767 990 810; baseline 0.006 -2"><span class='ocrx_word' id='word_1_4' title='bbox 677 767 990 810; x_wconf 85' lang='grc' dir='ltr'>ΕΠΙΚΟΥΡΟΥ</span> 
     </span>
     <span class='ocr_line' id='line_1_5' title="bbox 601 854 1063 900; baseline 0.004 -2"><span class='ocrx_word' id='word_1_5' title='bbox 601 854 812 899; x_wconf 87' lang='grc' dir='ltr'>ΚΥΡΙΑΙ</span> <span class='ocrx_word' id='word_1_6' title='bbox 860 856 1063 900; x_wconf 85' lang='grc' dir='ltr'>ΔΟΞΑΙ</span> 
     </span>
    </p>
   </div>
   <div class='ocr_carea' id='block_1_5' title="bbox 123 1046 1537 1176">
    <p class='ocr_par' dir='ltr' id='par_1_5' title="bbox 123 1046 1537 1176">
     <span class='ocr_line' id='line_1_6' title="bbox 151 1046 1537 1101; baseline -0.001 -8"><span class='ocrx_word' id='word_1_7' title='bbox 151 1060 169 1093; x_wconf 92' lang='lat'>1</span> <span class='ocrx_word' id='word_1_8' title='bbox 208 1049 268 1091; x_wconf 90' lang='grc' dir='ltr'>Τὸ</span> <span class='ocrx_word' id='word_1_9' title='bbox 300 1048 509 1100; x_wconf 81' lang='grc' dir='ltr'>μακάριον</span> <span class='ocrx_word' id='word_1_10' title='bbox 540 1047 610 1089; x_wconf 85' lang='grc' dir='ltr'>καὶ</span> <span class='ocrx_word' id='word_1_11' title='bbox 638 1046 868 1098; x_wconf 83' lang='grc' dir='ltr'>ἄφθαρτον</span> <span class='ocrx_word' id='word_1_12' title='bbox 904 1046 1004 1090; x_wconf 83' lang='grc' dir='ltr'>οὔτε</span> <span class='ocrx_word' id='word_1_13' title='bbox 1046 1048 1152 1091; x_wconf 85' lang='grc' dir='ltr'>αὐτὸ</span> <span class='ocrx_word' id='word_1_14' title='bbox 1189 1049 1418 1101; x_wconf 87' lang='grc' dir='ltr'>πράγματα</span> <span class='ocrx_word' id='word_1_15' title='bbox 1450 1049 1537 1101; x_wconf 83' lang='grc' dir='ltr'>ἔχει</span> 
     </span>
     <span class='ocr_line' id='line_1_7' title="bbox 123 1119 1535 1176; baseline -0.001 -11"><span class='ocrx_word' id='word_1_16' title='bbox 123 1122 224 1165; x_wconf 84' lang='grc' dir='ltr'>οὔτε</span> <span class='ocrx_word' id='word_1_17' title='bbox 256 1121 375 1176; x_wconf 79' lang='grc' dir='ltr'>ἄλλῳ</span> <span class='ocrx_word' id='word_1_18' title='bbox 413 1120 602 1172; x_wconf 82' lang='grc' dir='ltr'>παρέχει,</span> <span class='ocrx_word' id='word_1_19' title='bbox 639 1119 755 1162; x_wconf 87' lang='grc' dir='ltr'>ὥστε</span> <span class='ocrx_word' id='word_1_20' title='bbox 788 1119 888 1161; x_wconf 81' lang='grc' dir='ltr'>οὔτε</span> <span class='ocrx_word' id='word_1_21' title='bbox 921 1120 1071 1172; x_wconf 84' lang='grc' dir='ltr'>ὀργαῖς</span> <span class='ocrx_word' id='word_1_22' title='bbox 1103 1121 1203 1164; x_wconf 83' lang='grc' dir='ltr'>οὔτε</span> <span class='ocrx_word' id='word_1_23' title='bbox 1235 1122 1378 1174; x_wconf 87' lang='grc' dir='ltr'>χάρισι</span> <span class='ocrx_word' id='word_1_24' title='bbox 1409 1123 1535 1165; x_wconf 90' lang='grc' dir='ltr'>συνέ-</span> 
     </span>
    </p>
   </div>
   <div class='ocr_carea' id='block_1_6' title="bbox 83 1193 1102 1247">
    <p class='ocr_par' dir='ltr' id='par_1_6' title="bbox 83 1193 1102 1247">
     <span class='ocr_line' id='line_1_8' title="bbox 83 1193 1102 1247; baseline -0.002 -9"><span class='ocrx_word' id='word_1_25' title='bbox 83 1217 97 1239; x_wconf 64' lang='lat' dir='ltr'>r.</span> <span class='ocrx_word' id='word_1_26' title='bbox 121 1205 262 1247; x_wconf 88' lang='grc' dir='ltr'>χεται·</span> <span class='ocrx_word' id='word_1_27' title='bbox 295 1195 341 1237; x_wconf 81' lang='grc' dir='ltr'>ἐν</span> <span class='ocrx_word' id='word_1_28' title='bbox 373 1193 550 1236; x_wconf 85' lang='grc' dir='ltr'>ἀσθενεῖ</span> <span class='ocrx_word' id='word_1_29' title='bbox 579 1194 662 1245; x_wconf 78' lang='grc' dir='ltr'>γὰρ</span> <span class='ocrx_word' id='word_1_30' title='bbox 692 1195 779 1235; x_wconf 83' lang='grc' dir='ltr'>πᾶν</span> <span class='ocrx_word' id='word_1_31' title='bbox 809 1193 859 1235; x_wconf 87' lang='grc' dir='ltr'>τὸ</span> <span class='ocrx_word' id='word_1_32' title='bbox 890 1196 1102 1236; x_wconf 84' lang='grc' dir='ltr'>τοιοῦτον.</span> 
     </span>
    </p>
   </div>
   <div class='ocr_carea' id='block_1_7' title="bbox 67 1608 97 1632">
    <p class='ocr_par' dir='ltr' id='par_1_7' title="bbox 67 1608 97 1632">
     <span class='ocr_line' id='line_1_9' title="bbox 67 1608 97 1632; baseline -0.1 0"><span class='ocrx_word' id='word_1_33' title='bbox 67 1608 97 1632; x_wconf 83' lang='lat' dir='ltr'>lo</span> 
     </span>
    </p>
   </div>
   <div class='ocr_carea' id='block_1_8' title="bbox 122 1266 1535 1392">
    <p class='ocr_par' dir='ltr' id='par_1_8' title="bbox 122 1266 1535 1392">
     <span class='ocr_line' id='line_1_10' title="bbox 149 1266 1535 1318; baseline 0.001 -8"><span class='ocrx_word' id='word_1_34' title='bbox 149 1277 187 1310; x_wconf 92' lang='lat'>11</span> <span class='ocrx_word' id='word_1_35' title='bbox 230 1267 278 1310; x_wconf 91' lang='grc' dir='ltr'>Ὁ</span> <span class='ocrx_word' id='word_1_36' title='bbox 309 1267 500 1317; x_wconf 89' lang='grc' dir='ltr'>θάνατος</span> <span class='ocrx_word' id='word_1_37' title='bbox 531 1266 662 1308; x_wconf 80' lang='grc' dir='ltr'>οὐδὲν</span> <span class='ocrx_word' id='word_1_38' title='bbox 692 1266 803 1317; x_wconf 88' lang='grc' dir='ltr'>πρὸς</span> <span class='ocrx_word' id='word_1_39' title='bbox 834 1266 965 1317; x_wconf 86' lang='grc' dir='ltr'>ἡμᾶς·</span> <span class='ocrx_word' id='word_1_40' title='bbox 998 1268 1048 1308; x_wconf 86' lang='grc' dir='ltr'>τὸ</span> <span class='ocrx_word' id='word_1_41' title='bbox 1080 1267 1160 1318; x_wconf 82' lang='grc' dir='ltr'>γὰρ</span> <span class='ocrx_word' id='word_1_42' title='bbox 1194 1269 1395 1310; x_wconf 79' lang='grc' dir='ltr'>διαλυθὲν</span> <span class='ocrx_word' id='word_1_43' title='bbox 1418 1268 1535 1311; x_wconf 88' lang='grc' dir='ltr'>ἀναι-</span> 
     </span>
     <span class='ocr_line' id='line_1_11' title="bbox 122 1339 1228 1392; baseline 0 -10"><span class='ocrx_word' id='word_1_44' title='bbox 122 1342 292 1392; x_wconf 87' lang='grc' dir='ltr'>σθητεῖ·</span> <span class='ocrx_word' id='word_1_45' title='bbox 327 1341 378 1384; x_wconf 90' lang='grc' dir='ltr'>τὸ</span> <span class='ocrx_word' id='word_1_46' title='bbox 408 1341 447 1383; x_wconf 85' lang='grc' dir='ltr'>δ’</span> <span class='ocrx_word' id='word_1_47' title='bbox 478 1339 772 1391; x_wconf 83' lang='grc' dir='ltr'>ἀναισθητοῦν</span> <span class='ocrx_word' id='word_1_48' title='bbox 804 1340 935 1382; x_wconf 81' lang='grc' dir='ltr'>οὐδὲν</span> <span class='ocrx_word' id='word_1_49' title='bbox 965 1340 1076 1392; x_wconf 85' lang='grc' dir='ltr'>πρὸς</span> <span class='ocrx_word' id='word_1_50' title='bbox 1106 1340 1228 1392; x_wconf 88' lang='grc' dir='ltr'>ἡμᾶς.</span> 
     </span>
    </p>
   </div>
   <div class='ocr_carea' id='block_1_9' title="bbox 122 1431 389 1438">
    <p class='ocr_par' dir='ltr' id='par_1_9' title="bbox 122 1431 389 1438">
     <span class='ocr_line' id='line_1_12' title="bbox 122 1431 389 1438; baseline 0 1850"><span class='ocrx_word' id='word_1_51' title='bbox 122 1431 389 1438; x_wconf 95' lang='lat' dir='ltr'> </span> 
     </span>
    </p>
   </div>
   <div class='ocr_carea' id='block_1_10' title="bbox 120 1472 1535 1702">
    <p class='ocr_par' dir='ltr' id='par_1_10' title="bbox 120 1472 1535 1702">
     <span class='ocr_line' id='line_1_13' title="bbox 242 1472 1535 1519; baseline 0 -10"><span class='ocrx_word' id='word_1_52' title='bbox 242 1475 263 1509; x_wconf 91' lang='grc'>5</span> <span class='ocrx_word' id='word_1_53' title='bbox 295 1474 346 1508; x_wconf 86' lang='grc' dir='ltr'>τὸ</span> <span class='ocrx_word' id='word_1_54' title='bbox 376 1475 606 1508; x_wconf 82' lang='grc' dir='ltr'>τοιοῦτον.</span> <span class='ocrx_word' id='word_1_55' title='bbox 658 1472 699 1507; x_wconf 84' lang='grc' dir='ltr'>ἑν</span> <span class='ocrx_word' id='word_1_56' title='bbox 726 1472 851 1514; x_wconf 80' lang='grc' dir='ltr'>ἄλλοις</span> <span class='ocrx_word' id='word_1_57' title='bbox 877 1472 918 1507; x_wconf 80' lang='grc' dir='ltr'>δέ</span> <span class='ocrx_word' id='word_1_58' title='bbox 944 1482 1038 1516; x_wconf 86' lang='grc' dir='ltr'>φησι</span> <span class='ocrx_word' id='word_1_59' title='bbox 1063 1474 1153 1514; x_wconf 84' lang='grc' dir='ltr'>τοὺς</span> <span class='ocrx_word' id='word_1_60' title='bbox 1179 1474 1289 1515; x_wconf 80' lang='grc' dir='ltr'>θεοὺς</span> <span class='ocrx_word' id='word_1_61' title='bbox 1313 1475 1416 1519; x_wconf 84' lang='grc' dir='ltr'>λόγῳ</span> <span class='ocrx_word' id='word_1_62' title='bbox 1443 1477 1535 1509; x_wconf 90' lang='grc' dir='ltr'>θεω-</span> 
     </span>
     <span class='ocr_line' id='line_1_14' title="bbox 121 1530 1535 1579; baseline -0.001 -10"><span class='ocrx_word' id='word_1_63' title='bbox 121 1534 272 1579; x_wconf 85' lang='grc' dir='ltr'>ρητούς,</span> <span class='ocrx_word' id='word_1_64' title='bbox 299 1533 364 1574; x_wconf 83' lang='grc' dir='ltr'>οὓς</span> <span class='ocrx_word' id='word_1_65' title='bbox 391 1533 458 1574; x_wconf 84' lang='grc' dir='ltr'>μὲν</span> <span class='ocrx_word' id='word_1_66' title='bbox 484 1532 565 1566; x_wconf 80' lang='grc' dir='ltr'>κατ’</span> <span class='ocrx_word' id='word_1_67' title='bbox 592 1530 749 1576; x_wconf 86' lang='grc' dir='ltr'>ἀριθμὸν</span> <span class='ocrx_word' id='word_1_68' title='bbox 776 1531 1012 1574; x_wconf 82' lang='grc' dir='ltr'>ὑφεστῶτας,</span> <span class='ocrx_word' id='word_1_69' title='bbox 1039 1533 1106 1574; x_wconf 82' lang='grc' dir='ltr'>οὓς</span> <span class='ocrx_word' id='word_1_70' title='bbox 1135 1533 1175 1567; x_wconf 77' lang='grc' dir='ltr'>δὲ</span> <span class='ocrx_word' id='word_1_71' title='bbox 1202 1534 1297 1567; x_wconf 87' lang='grc' dir='ltr'>κατὰ</span> <span class='ocrx_word' id='word_1_72' title='bbox 1324 1533 1535 1575; x_wconf 80' lang='grc' dir='ltr'>ὁμοείδειαν</span> 
     </span>
     <span class='ocr_line' id='line_1_15' title="bbox 121 1589 1534 1636; baseline 0 -8"><span class='ocrx_word' id='word_1_73' title='bbox 121 1595 163 1628; x_wconf 80' lang='grc' dir='ltr'>ἐκ</span> <span class='ocrx_word' id='word_1_74' title='bbox 196 1595 264 1636; x_wconf 86' lang='grc' dir='ltr'>τῆς</span> <span class='ocrx_word' id='word_1_75' title='bbox 295 1594 477 1634; x_wconf 84' lang='grc' dir='ltr'>συνεχοῦς</span> <span class='ocrx_word' id='word_1_76' title='bbox 512 1591 743 1634; x_wconf 81' lang='grc' dir='ltr'>ἐπιρρύσεως</span> <span class='ocrx_word' id='word_1_77' title='bbox 775 1592 854 1624; x_wconf 83' lang='grc' dir='ltr'>τῶν</span> <span class='ocrx_word' id='word_1_78' title='bbox 887 1589 1030 1632; x_wconf 80' lang='grc' dir='ltr'>ὁμοίων</span> <span class='ocrx_word' id='word_1_79' title='bbox 1065 1591 1232 1626; x_wconf 81' lang='grc' dir='ltr'>εἰδώλων</span> <span class='ocrx_word' id='word_1_80' title='bbox 1269 1593 1328 1627; x_wconf 79' lang='grc' dir='ltr'>ἐπὶ</span> <span class='ocrx_word' id='word_1_81' title='bbox 1360 1593 1405 1627; x_wconf 88' lang='grc' dir='ltr'>τὸ</span> <span class='ocrx_word' id='word_1_82' title='bbox 1441 1593 1534 1628; x_wconf 83' lang='grc' dir='ltr'>αὐτὸ</span> 
     </span>
     <span class='ocr_line' id='line_1_16' title="bbox 120 1650 1048 1702; baseline -0.004 -15"><span class='ocrx_word' id='word_1_83' title='bbox 120 1651 499 1693; x_wconf 84' lang='grc' dir='ltr'>ἀποτετελεσμένους,</span> <span class='ocrx_word' id='word_1_84' title='bbox 527 1650 820 1693; x_wconf 82' lang='grc' dir='ltr'>ἀνθρωποειδεῖς</span> <span class='ocrx_word' id='word_1_85' title='bbox 858 1657 1048 1702; x_wconf 54' lang='lat' dir='ltr'>sgnomox</span> 
     </span>
    </p>
   </div>
   <div class='ocr_carea' id='block_1_11' title="bbox 116 1793 1534 2785">
    <p class='ocr_par' dir='ltr' id='par_1_11' title="bbox 116 1793 1534 2310">
     <span class='ocr_line' id='line_1_17' title="bbox 241 1793 1534 1840; baseline 0 -10"><span class='ocrx_word' id='word_1_86' title='bbox 241 1797 258 1830; x_wconf 93' lang='lat'>1</span> <span class='ocrx_word' id='word_1_87' title='bbox 287 1795 428 1829; x_wconf 72' lang='lat' dir='ltr'>titulum</span> <span class='ocrx_word' id='word_1_88' title='bbox 455 1795 578 1828; x_wconf 86' lang='lat' dir='ltr'>addidi</span> <span class='ocrx_word' id='word_1_89' title='bbox 612 1793 628 1837; x_wconf 78' lang='grc'>11</span> <span class='ocrx_word' id='word_1_90' title='bbox 662 1795 683 1828; x_wconf 90' lang='grc'><strong>3</strong></span> <span class='ocrx_word' id='word_1_91' title='bbox 709 1796 863 1837; x_wconf 81' lang='grc' dir='ltr'>πρᾶγμα</span> <span class='ocrx_word' id='word_1_92' title='bbox 882 1795 1020 1827; x_wconf 81' lang='lat' dir='ltr'>Seneca</span> <span class='ocrx_word' id='word_1_93' title='bbox 1045 1794 1184 1838; x_wconf 80' lang='grc' dir='ltr'>πρᾶγμ’</span> <span class='ocrx_word' id='word_1_94' title='bbox 1205 1797 1371 1829; x_wconf 84' lang='lat' dir='ltr'>scholion</span> <span class='ocrx_word' id='word_1_95' title='bbox 1394 1797 1534 1840; x_wconf 82' lang='lat' dir='ltr'>Iliadis,</span> 
     </span>
     <span class='ocr_line' id='line_1_18' title="bbox 118 1853 1533 1900; baseline 0.002 -12"><span class='ocrx_word' id='word_1_96' title='bbox 118 1856 200 1888; x_wconf 84' lang='lat' dir='ltr'>fort.</span> <span class='ocrx_word' id='word_1_97' title='bbox 227 1856 354 1888; x_wconf 89' lang='lat' dir='ltr'>Cicero</span> <span class='ocrx_word' id='word_1_98' title='bbox 396 1854 412 1898; x_wconf 77' lang='grc'>11</span> <span class='ocrx_word' id='word_1_99' title='bbox 453 1854 475 1887; x_wconf 87' lang='grc'>4</span> <span class='ocrx_word' id='word_1_100' title='bbox 502 1854 593 1888; x_wconf 81' lang='grc' dir='ltr'>ἄλλο</span> <span class='ocrx_word' id='word_1_101' title='bbox 621 1853 651 1885; x_wconf 88' lang='lat' dir='ltr'>F</span> <span class='ocrx_word' id='word_1_102' title='bbox 677 1854 801 1895; x_wconf 81' lang='grc' dir='ltr'>ἄλλοις</span> <span class='ocrx_word' id='word_1_103' title='bbox 827 1854 963 1886; x_wconf 87' lang='lat' dir='ltr'>Seneca</span> <span class='ocrx_word' id='word_1_104' title='bbox 989 1854 1153 1887; x_wconf 83' lang='lat' dir='ltr'>scholion</span> <span class='ocrx_word' id='word_1_105' title='bbox 1180 1855 1282 1888; x_wconf 84' lang='lat' dir='ltr'>Iliad.</span> <span class='ocrx_word' id='word_1_106' title='bbox 1307 1857 1312 1898; x_wconf 78' lang='grc' dir='ltr'>Ι</span> <span class='ocrx_word' id='word_1_107' title='bbox 1336 1854 1449 1900; x_wconf 81' lang='grc' dir='ltr'>ὥστε]</span> <span class='ocrx_word' id='word_1_108' title='bbox 1477 1857 1533 1890; x_wconf 86' lang='grc' dir='ltr'>διὸ</span> 
     </span>
     <span class='ocr_line' id='line_1_19' title="bbox 117 1911 1534 1959; baseline 0.002 -13"><span class='ocrx_word' id='word_1_109' title='bbox 117 1914 284 1946; x_wconf 85' lang='lat' dir='ltr'>scholion</span> <span class='ocrx_word' id='word_1_110' title='bbox 309 1913 414 1946; x_wconf 82' lang='lat' dir='ltr'>Iliad.</span> <span class='ocrx_word' id='word_1_111' title='bbox 437 1911 443 1956; x_wconf 83' lang='grc' dir='ltr'>Ι</span> <span class='ocrx_word' id='word_1_112' title='bbox 465 1912 555 1947; x_wconf 84' lang='grc' dir='ltr'>οὔτε</span> <span class='ocrx_word' id='word_1_113' title='bbox 580 1918 663 1957; x_wconf 83' lang='lat' dir='ltr'>post</span> <span class='ocrx_word' id='word_1_114' title='bbox 688 1912 788 1947; x_wconf 83' lang='grc' dir='ltr'>ὥστε</span> <span class='ocrx_word' id='word_1_115' title='bbox 816 1923 872 1945; x_wconf 90' lang='lat' dir='ltr'>om</span> <span class='ocrx_word' id='word_1_116' title='bbox 890 1913 920 1944; x_wconf 91' lang='lat' dir='ltr'>F</span> <span class='ocrx_word' id='word_1_117' title='bbox 942 1914 947 1954; x_wconf 89' lang='grc'>1</span> <span class='ocrx_word' id='word_1_118' title='bbox 971 1911 1132 1957; x_wconf 85' lang='grc' dir='ltr'>[ὁργ]αῑς</span> <span class='ocrx_word' id='word_1_119' title='bbox 1156 1915 1184 1946; x_wconf 92' lang='grc' dir='ltr'><strong>Β</strong></span> <span class='ocrx_word' id='word_1_120' title='bbox 1207 1916 1212 1954; x_wconf 79' lang='grc'>1</span> <span class='ocrx_word' id='word_1_121' title='bbox 1235 1914 1372 1959; x_wconf 88' lang='grc' dir='ltr'>χάρισι]</span> <span class='ocrx_word' id='word_1_122' title='bbox 1401 1915 1534 1957; x_wconf 84' lang='grc' dir='ltr'>λύπαις</span> 
     </span>
     <span class='ocr_line' id='line_1_20' title="bbox 118 1971 1533 2016; baseline 0.001 -11"><span class='ocrx_word' id='word_1_123' title='bbox 118 1971 283 2005; x_wconf 88' lang='lat' dir='ltr'>scholion</span> <span class='ocrx_word' id='word_1_124' title='bbox 306 1971 411 2005; x_wconf 88' lang='lat' dir='ltr'>Iliad.</span> <span class='ocrx_word' id='word_1_125' title='bbox 434 1972 440 2014; x_wconf 73' lang='grc' dir='ltr'>Ι</span> <span class='ocrx_word' id='word_1_126' title='bbox 463 1971 685 2014; x_wconf 86' lang='grc' dir='ltr'>συνέχεσθαι</span> <span class='ocrx_word' id='word_1_127' title='bbox 712 1973 741 2004; x_wconf 89' lang='grc' dir='ltr'>Β</span> <span class='ocrx_word' id='word_1_128' title='bbox 782 1972 797 2014; x_wconf 80' lang='grc' dir='ltr'><strong>Η</strong></span> <span class='ocrx_word' id='word_1_129' title='bbox 842 1972 862 2005; x_wconf 85' lang='grc'>5</span> <span class='ocrx_word' id='word_1_130' title='bbox 890 1971 1064 2016; x_wconf 79' lang='grc' dir='ltr'>ἀσθενείᾳ</span> <span class='ocrx_word' id='word_1_131' title='bbox 1091 1973 1324 2006; x_wconf 85' lang='lat' dir='ltr'>Philodemus</span> <span class='ocrx_word' id='word_1_132' title='bbox 1343 1974 1533 2007; x_wconf 82' lang='lat' dir='ltr'>Nemesius</span> 
     </span>
     <span class='ocr_line' id='line_1_21' title="bbox 116 2030 1534 2077; baseline 0.003 -14"><span class='ocrx_word' id='word_1_133' title='bbox 116 2030 260 2074; x_wconf 84' lang='lat' dir='ltr'>(Cicero</span> <span class='ocrx_word' id='word_1_134' title='bbox 279 2031 312 2064; x_wconf 93' lang='lat' dir='ltr'>d.</span> <span class='ocrx_word' id='word_1_135' title='bbox 332 2035 401 2063; x_wconf 80' lang='lat' dir='ltr'>nat.</span> <span class='ocrx_word' id='word_1_136' title='bbox 422 2030 520 2064; x_wconf 89' lang='lat' dir='ltr'>deor.</span> <span class='ocrx_word' id='word_1_137' title='bbox 539 2037 554 2063; x_wconf 93' lang='lat'>1</span> <span class='ocrx_word' id='word_1_138' title='bbox 571 2031 629 2073; x_wconf 77' lang='lat'>44,</span> <span class='ocrx_word' id='word_1_139' title='bbox 649 2030 726 2064; x_wconf 85' lang='lat'>122.</span> <span class='ocrx_word' id='word_1_140' title='bbox 749 2030 844 2073; x_wconf 83' lang='lat'>124),</span> <span class='ocrx_word' id='word_1_141' title='bbox 874 2035 912 2063; x_wconf 83' lang='lat' dir='ltr'>ut</span> <span class='ocrx_word' id='word_1_142' title='bbox 930 2032 1103 2074; x_wconf 85' lang='lat' dir='ltr'><strong>Epicurus</strong></span> <span class='ocrx_word' id='word_1_143' title='bbox 1123 2031 1201 2075; x_wconf 80' lang='lat' dir='ltr'>ipse</span> <span class='ocrx_word' id='word_1_144' title='bbox 1220 2043 1326 2075; x_wconf 84' lang='lat' dir='ltr'>supra</span> <span class='ocrx_word' id='word_1_145' title='bbox 1351 2044 1384 2076; x_wconf 86' lang='lat' dir='ltr'>p.</span> <span class='ocrx_word' id='word_1_146' title='bbox 1400 2033 1457 2072; x_wconf 81' lang='lat'>28,</span> <span class='ocrx_word' id='word_1_147' title='bbox 1477 2034 1497 2067; x_wconf 90' lang='grc'>5</span> <span class='ocrx_word' id='word_1_148' title='bbox 1524 2032 1534 2077; x_wconf 70' lang='lat' dir='ltr'>l}</span> 
     </span>
     <span class='ocr_line' id='line_1_22' title="bbox 118 2088 1532 2131; baseline 0.002 -9"><span class='ocrx_word' id='word_1_149' title='bbox 118 2090 140 2122; x_wconf 88' lang='grc'>6</span> <span class='ocrx_word' id='word_1_150' title='bbox 167 2088 340 2124; x_wconf 82' lang='grc' dir='ltr'>διαλυθὲν</span> <span class='ocrx_word' id='word_1_151' title='bbox 367 2089 521 2131; x_wconf 82' lang='lat' dir='ltr'><strong>FHPQf</strong></span> <span class='ocrx_word' id='word_1_152' title='bbox 548 2089 761 2122; x_wconf 72' lang='lat' dir='ltr'><strong>Plutarchus</strong></span> <span class='ocrx_word' id='word_1_153' title='bbox 789 2090 912 2128; x_wconf 86' lang='lat' dir='ltr'>Gellii,</span> <span class='ocrx_word' id='word_1_154' title='bbox 949 2089 1075 2122; x_wconf 78' lang='lat' dir='ltr'>Sextus</span> <span class='ocrx_word' id='word_1_155' title='bbox 1102 2090 1311 2123; x_wconf 79' lang='lat' dir='ltr'>Alexander</span> <span class='ocrx_word' id='word_1_156' title='bbox 1337 2091 1532 2125; x_wconf 80' lang='lat' dir='ltr'>stobaeus:</span> 
     </span>
     <span class='ocr_line' id='line_1_23' title="bbox 117 2147 1532 2192; baseline 0.001 -10"><span class='ocrx_word' id='word_1_157' title='bbox 117 2147 303 2183; x_wconf 80' lang='grc' dir='ltr'>ἀναλυθέν</span> <span class='ocrx_word' id='word_1_158' title='bbox 335 2148 366 2180; x_wconf 88' lang='grc' dir='ltr'><em>Β</em></span> <span class='ocrx_word' id='word_1_159' title='bbox 403 2149 515 2182; x_wconf 79' lang='grc' dir='ltr'>λυθὲν</span> <span class='ocrx_word' id='word_1_160' title='bbox 550 2148 763 2180; x_wconf 76' lang='lat' dir='ltr'>Plutarchus</span> <span class='ocrx_word' id='word_1_161' title='bbox 800 2154 921 2180; x_wconf 85' lang='lat' dir='ltr'>contra</span> <span class='ocrx_word' id='word_1_162' title='bbox 952 2149 1162 2192; x_wconf 82' lang='lat' dir='ltr'>Epicuream</span> <span class='ocrx_word' id='word_1_163' title='bbox 1194 2150 1455 2183; x_wconf 73' lang='lat' dir='ltr'>beatitudinem</span> <span class='ocrx_word' id='word_1_164' title='bbox 1487 2151 1532 2185; x_wconf 88' lang='lat'>23</span> 
     </span>
     <span class='ocr_line' id='line_1_24' title="bbox 116 2205 1533 2251; baseline 0.001 -11"><span class='ocrx_word' id='word_1_165' title='bbox 116 2216 151 2250; x_wconf 90' lang='lat' dir='ltr'>p.</span> <span class='ocrx_word' id='word_1_166' title='bbox 171 2205 280 2240; x_wconf 77' lang='lat'>1103‘1</span> <span class='ocrx_word' id='word_1_167' title='bbox 306 2207 350 2240; x_wconf 84' lang='lat'>27</span> <span class='ocrx_word' id='word_1_168' title='bbox 368 2218 403 2250; x_wconf 88' lang='lat' dir='ltr'>p.</span> <span class='ocrx_word' id='word_1_169' title='bbox 421 2207 531 2240; x_wconf 84' lang='lat'>1105·</span> <span class='ocrx_word' id='word_1_170' title='bbox 572 2206 587 2250; x_wconf 90' lang='grc' dir='ltr'>ΙΙ</span> <span class='ocrx_word' id='word_1_171' title='bbox 629 2207 650 2239; x_wconf 90' lang='grc'><strong>7</strong></span> <span class='ocrx_word' id='word_1_172' title='bbox 678 2206 710 2241; x_wconf 81' lang='grc' dir='ltr'>δ’</span> <span class='ocrx_word' id='word_1_173' title='bbox 738 2207 882 2251; x_wconf 80' lang='lat' dir='ltr'>BFPQ:</span> <span class='ocrx_word' id='word_1_174' title='bbox 911 2206 952 2242; x_wconf 76' lang='grc' dir='ltr'>δὲ</span> <span class='ocrx_word' id='word_1_175' title='bbox 978 2208 1034 2240; x_wconf 85' lang='lat' dir='ltr'>Hs</span> <span class='ocrx_word' id='word_1_176' title='bbox 1062 2208 1068 2250; x_wconf 74' lang='grc' dir='ltr'>ι</span> <span class='ocrx_word' id='word_1_177' title='bbox 1099 2207 1330 2251; x_wconf 85' lang='grc' dir='ltr'>ἀναίσθητον</span> <span class='ocrx_word' id='word_1_178' title='bbox 1356 2208 1533 2242; x_wconf 75' lang='lat' dir='ltr'>stobaeus</span> 
     </span>
     <span class='ocr_line' id='line_1_25' title="bbox 117 2265 1461 2310; baseline -0.001 -10"><span class='ocrx_word' id='word_1_179' title='bbox 117 2265 360 2308; x_wconf 83' lang='grc' dir='ltr'>ἀναισθητεῖν</span> <span class='ocrx_word' id='word_1_180' title='bbox 390 2266 506 2298; x_wconf 85' lang='lat' dir='ltr'>editur</span> <span class='ocrx_word' id='word_1_181' title='bbox 532 2277 588 2309; x_wconf 84' lang='lat' dir='ltr'>ap.</span> <span class='ocrx_word' id='word_1_182' title='bbox 614 2266 861 2299; x_wconf 76' lang='lat' dir='ltr'>Alexandrum</span> <span class='ocrx_word' id='word_1_183' title='bbox 887 2267 923 2299; x_wconf 88' lang='lat' dir='ltr'>in</span> <span class='ocrx_word' id='word_1_184' title='bbox 951 2267 1081 2310; x_wconf 83' lang='lat' dir='ltr'>analyt.</span> <span class='ocrx_word' id='word_1_185' title='bbox 1109 2268 1131 2299; x_wconf 81' lang='lat' dir='ltr'>f.</span> <span class='ocrx_word' id='word_1_186' title='bbox 1155 2266 1236 2300; x_wconf 80' lang='lat'>117¹·</span> <span class='ocrx_word' id='word_1_187' title='bbox 1263 2268 1269 2309; x_wconf 90' lang='grc' dir='ltr'>Ι</span> <span class='ocrx_word' id='word_1_188' title='bbox 1291 2267 1381 2302; x_wconf 80' lang='grc' dir='ltr'>οὐδὲ</span> <span class='ocrx_word' id='word_1_189' title='bbox 1407 2268 1461 2300; x_wconf 83' lang='lat'>1-11</span> 
     </span>
    </p>

    <p class='ocr_par' dir='ltr' id='par_1_12' title="bbox 116 2325 1533 2785">
     <span class='ocr_line' id='line_1_26' title="bbox 236 2325 1532 2370; baseline 0.002 -11"><span class='ocrx_word' id='word_1_190' title='bbox 236 2325 259 2358; x_wconf 83' lang='grc'>8</span> <span class='ocrx_word' id='word_1_191' title='bbox 283 2325 502 2368; x_wconf 86' lang='grc' dir='ltr'>θεωρητοὺς</span> <span class='ocrx_word' id='word_1_192' title='bbox 526 2325 628 2359; x_wconf 82' lang='lat' dir='ltr'>libri:</span> <span class='ocrx_word' id='word_1_193' title='bbox 663 2325 881 2368; x_wconf 81' lang='grc' dir='ltr'>θεωρητοὺς</span> <span class='ocrx_word' id='word_1_194' title='bbox 908 2326 1002 2360; x_wconf 80' lang='grc' dir='ltr'>εἶναι</span> <span class='ocrx_word' id='word_1_195' title='bbox 1029 2326 1248 2359; x_wconf 83' lang='lat' dir='ltr'>Meibomius</span> <span class='ocrx_word' id='word_1_196' title='bbox 1297 2327 1313 2370; x_wconf 81' lang='grc'>11</span> <span class='ocrx_word' id='word_1_197' title='bbox 1362 2327 1383 2360; x_wconf 87' lang='grc'><strong>9</strong></span> <span class='ocrx_word' id='word_1_198' title='bbox 1410 2326 1532 2368; x_wconf 84' lang='grc' dir='ltr'>ὁμοεί-</span> 
     </span>
     <span class='ocr_line' id='line_1_27' title="bbox 116 2384 1531 2431; baseline 0.001 -12"><span class='ocrx_word' id='word_1_199' title='bbox 116 2384 220 2419; x_wconf 82' lang='grc' dir='ltr'>δειαν</span> <span class='ocrx_word' id='word_1_200' title='bbox 238 2384 375 2427; x_wconf 80' lang='lat' dir='ltr'>HP²Q:</span> <span class='ocrx_word' id='word_1_201' title='bbox 403 2384 596 2427; x_wconf 81' lang='grc' dir='ltr'>ὁμοειδίαν</span> <span class='ocrx_word' id='word_1_202' title='bbox 614 2385 664 2418; x_wconf 81' lang='lat' dir='ltr'>Bf</span> <span class='ocrx_word' id='word_1_203' title='bbox 687 2384 860 2426; x_wconf 84' lang='grc' dir='ltr'>ὁμοίδιαν</span> <span class='ocrx_word' id='word_1_204' title='bbox 878 2385 922 2417; x_wconf 88' lang='lat' dir='ltr'>P¹</span> <span class='ocrx_word' id='word_1_205' title='bbox 952 2384 1180 2427; x_wconf 82' lang='grc' dir='ltr'>ὁμοιοειδίαν</span> <span class='ocrx_word' id='word_1_206' title='bbox 1199 2387 1228 2418; x_wconf 86' lang='lat' dir='ltr'>F</span> <span class='ocrx_word' id='word_1_207' title='bbox 1259 2386 1276 2430; x_wconf 72' lang='lat' dir='ltr'>n</span> <span class='ocrx_word' id='word_1_208' title='bbox 1311 2386 1356 2419; x_wconf 85' lang='lat'>10</span> <span class='ocrx_word' id='word_1_209' title='bbox 1373 2385 1531 2431; x_wconf 77' lang='grc' dir='ltr'>ὁμοίων]</span> 
     </span>
     <span class='ocr_line' id='line_1_28' title="bbox 117 2441 1533 2488; baseline 0 -10"><span class='ocrx_word' id='word_1_210' title='bbox 117 2441 222 2478; x_wconf 84' lang='grc' dir='ltr'>ἰδίων</span> <span class='ocrx_word' id='word_1_211' title='bbox 250 2444 279 2475; x_wconf 89' lang='lat' dir='ltr'>F</span> <span class='ocrx_word' id='word_1_212' title='bbox 318 2443 334 2488; x_wconf 83' lang='grc' dir='ltr'>ΙΙ</span> <span class='ocrx_word' id='word_1_213' title='bbox 377 2445 417 2478; x_wconf 84' lang='lat'>11</span> <span class='ocrx_word' id='word_1_214' title='bbox 445 2444 814 2487; x_wconf 84' lang='grc' dir='ltr'>ἀποτετελεσμένους</span> <span class='ocrx_word' id='word_1_215' title='bbox 838 2444 1048 2478; x_wconf 78' lang='lat' dir='ltr'>Kuelmius:</span> <span class='ocrx_word' id='word_1_216' title='bbox 1081 2445 1440 2487; x_wconf 81' lang='grc' dir='ltr'>ἀποτετελεσμένων</span> <span class='ocrx_word' id='word_1_217' title='bbox 1465 2446 1533 2478; x_wconf 83' lang='grc' dir='ltr'>ΒΗ</span> 
     </span>
     <span class='ocr_line' id='line_1_29' title="bbox 116 2502 1531 2548; baseline 0.002 -14"><span class='ocrx_word' id='word_1_218' title='bbox 116 2502 199 2545; x_wconf 82' lang='lat' dir='ltr'>PQf</span> <span class='ocrx_word' id='word_1_219' title='bbox 224 2503 504 2544; x_wconf 84' lang='grc' dir='ltr'>τετελεσμένων</span> <span class='ocrx_word' id='word_1_220' title='bbox 529 2504 559 2535; x_wconf 88' lang='lat' dir='ltr'>F</span> <span class='ocrx_word' id='word_1_221' title='bbox 596 2503 603 2547; x_wconf 88' lang='grc' dir='ltr'>Ι</span> <span class='ocrx_word' id='word_1_222' title='bbox 643 2502 968 2548; x_wconf 78' lang='grc' dir='ltr'>ἀνθρωποειδ[εῑ]ς</span> <span class='ocrx_word' id='word_1_223' title='bbox 993 2505 1032 2537; x_wconf 88' lang='lat' dir='ltr'>P.</span> <span class='ocrx_word' id='word_1_224' title='bbox 1074 2504 1195 2536; x_wconf 85' lang='lat' dir='ltr'>dixere</span> <span class='ocrx_word' id='word_1_225' title='bbox 1223 2506 1266 2536; x_wconf 90' lang='lat' dir='ltr'>de</span> <span class='ocrx_word' id='word_1_226' title='bbox 1293 2505 1363 2537; x_wconf 88' lang='lat' dir='ltr'>hoc</span> <span class='ocrx_word' id='word_1_227' title='bbox 1391 2505 1531 2538; x_wconf 81' lang='lat' dir='ltr'>scholio</span> 
     </span>
     <span class='ocr_line' id='line_1_30' title="bbox 117 2560 1530 2607; baseline 0.002 -14"><span class='ocrx_word' id='word_1_228' title='bbox 117 2560 330 2604; x_wconf 87' lang='lat' dir='ltr'>quicumque</span> <span class='ocrx_word' id='word_1_229' title='bbox 357 2562 402 2594; x_wconf 87' lang='lat' dir='ltr'>de</span> <span class='ocrx_word' id='word_1_230' title='bbox 429 2562 484 2594; x_wconf 91' lang='lat' dir='ltr'>dis</span> <span class='ocrx_word' id='word_1_231' title='bbox 502 2562 648 2605; x_wconf 82' lang='lat' dir='ltr'>Epicuri</span> <span class='ocrx_word' id='word_1_232' title='bbox 675 2563 888 2601; x_wconf 82' lang='lat' dir='ltr'>disseruere,</span> <span class='ocrx_word' id='word_1_233' title='bbox 916 2573 1028 2605; x_wconf 86' lang='lat' dir='ltr'>nuper</span> <span class='ocrx_word' id='word_1_234' title='bbox 1046 2562 1313 2596; x_wconf 84' lang='lat' dir='ltr'>Schoemannus</span> <span class='ocrx_word' id='word_1_235' title='bbox 1339 2574 1461 2607; x_wconf 86' lang='lat' dir='ltr'>opusc.</span> <span class='ocrx_word' id='word_1_236' title='bbox 1481 2574 1530 2596; x_wconf 82' lang='lat' dir='ltr'>ae.</span> 
     </span>
     <span class='ocr_line' id='line_1_31' title="bbox 116 2618 1532 2666; baseline 0.004 -16"><span class='ocrx_word' id='word_1_237' title='bbox 116 2622 142 2653; x_wconf 85' lang='lat' dir='ltr'>t.</span> <span class='ocrx_word' id='word_1_238' title='bbox 169 2626 209 2651; x_wconf 86' lang='lat' dir='ltr'>1v</span> <span class='ocrx_word' id='word_1_239' title='bbox 236 2629 267 2663; x_wconf 89' lang='lat' dir='ltr'>p.</span> <span class='ocrx_word' id='word_1_240' title='bbox 287 2618 354 2654; x_wconf 85' lang='lat'>351</span> <span class='ocrx_word' id='word_1_241' title='bbox 376 2631 453 2663; x_wconf 90' lang='lat' dir='ltr'>sqq.</span> <span class='ocrx_word' id='word_1_242' title='bbox 490 2621 735 2654; x_wconf 83' lang='lat' dir='ltr'>RVolkmann</span> <span class='ocrx_word' id='word_1_243' title='bbox 773 2621 809 2654; x_wconf 87' lang='lat' dir='ltr'>in</span> <span class='ocrx_word' id='word_1_244' title='bbox 846 2621 1076 2654; x_wconf 82' lang='lat' dir='ltr'>Fleckeiseni</span> <span class='ocrx_word' id='word_1_245' title='bbox 1118 2621 1237 2655; x_wconf 78' lang='lat' dir='ltr'>annali</span> <span class='ocrx_word' id='word_1_246' title='bbox 1279 2621 1366 2657; x_wconf 77' lang='grc'>1871</span> <span class='ocrx_word' id='word_1_247' title='bbox 1407 2633 1441 2666; x_wconf 83' lang='lat' dir='ltr'>p.</span> <span class='ocrx_word' id='word_1_248' title='bbox 1461 2622 1532 2656; x_wconf 80' lang='lat'>688</span> 
     </span>
     <span class='ocr_line' id='line_1_32' title="bbox 116 2677 1531 2724; baseline 0.002 -14"><span class='ocrx_word' id='word_1_249' title='bbox 116 2677 283 2711; x_wconf 82' lang='lat' dir='ltr'>RHirzel</span> <span class='ocrx_word' id='word_1_250' title='bbox 317 2683 455 2713; x_wconf 80' lang='lat' dir='ltr'>unters.</span> <span class='ocrx_word' id='word_1_251' title='bbox 481 2690 509 2713; x_wconf 82' lang='lat' dir='ltr'>z.</span> <span class='ocrx_word' id='word_1_252' title='bbox 535 2679 678 2712; x_wconf 78' lang='lat' dir='ltr'>Ciceros</span> <span class='ocrx_word' id='word_1_253' title='bbox 705 2681 842 2723; x_wconf 77' lang='lat' dir='ltr'>philos.</span> <span class='ocrx_word' id='word_1_254' title='bbox 869 2681 989 2713; x_wconf 79' lang='lat' dir='ltr'>sclzrr.</span> <span class='ocrx_word' id='word_1_255' title='bbox 1018 2688 1032 2713; x_wconf 88' lang='lat'>1</span> <span class='ocrx_word' id='word_1_256' title='bbox 1057 2691 1090 2724; x_wconf 88' lang='lat' dir='ltr'>p.</span> <span class='ocrx_word' id='word_1_257' title='bbox 1113 2681 1157 2713; x_wconf 77' lang='lat'>72</span> <span class='ocrx_word' id='word_1_258' title='bbox 1176 2691 1253 2724; x_wconf 86' lang='lat' dir='ltr'><strong>sqq.</strong></span> <span class='ocrx_word' id='word_1_259' title='bbox 1295 2680 1455 2724; x_wconf 85' lang='lat' dir='ltr'>Woltjer</span> <span class='ocrx_word' id='word_1_260' title='bbox 1486 2680 1531 2713; x_wconf 86' lang='lat' dir='ltr'>de</span> 
     </span>
     <span class='ocr_line' id='line_1_33' title="bbox 117 2736 1529 2785; baseline 0.004 -17"><span class='ocrx_word' id='word_1_261' title='bbox 117 2736 272 2770; x_wconf 73' lang='lat' dir='ltr'>Lucretii</span> <span class='ocrx_word' id='word_1_262' title='bbox 290 2737 424 2781; x_wconf 85' lang='lat' dir='ltr'>philos.</span> <span class='ocrx_word' id='word_1_263' title='bbox 446 2749 479 2783; x_wconf 89' lang='lat' dir='ltr'>p.</span> <span class='ocrx_word' id='word_1_264' title='bbox 501 2739 565 2776; x_wconf 82' lang='lat'>165</span> <span class='ocrx_word' id='word_1_265' title='bbox 580 2750 633 2783; x_wconf 87' lang='lat' dir='ltr'>sq.</span> <span class='ocrx_word' id='word_1_266' title='bbox 659 2740 848 2773; x_wconf 85' lang='lat' dir='ltr'>Lachelier</span> <span class='ocrx_word' id='word_1_267' title='bbox 874 2750 984 2772; x_wconf 82' lang='lat' dir='ltr'>revue</span> <span class='ocrx_word' id='word_1_268' title='bbox 1010 2741 1054 2772; x_wconf 84' lang='lat' dir='ltr'>de</span> <span class='ocrx_word' id='word_1_269' title='bbox 1071 2740 1204 2783; x_wconf 71' lang='lat' dir='ltr'>philol.</span> <span class='ocrx_word' id='word_1_270' title='bbox 1227 2740 1319 2773; x_wconf 75' lang='lat'>1877</span> <span class='ocrx_word' id='word_1_271' title='bbox 1338 2746 1362 2774; x_wconf 82' lang='lat' dir='ltr'>t.</span> <span class='ocrx_word' id='word_1_272' title='bbox 1381 2747 1395 2773; x_wconf 89' lang='lat'>1</span> <span class='ocrx_word' id='word_1_273' title='bbox 1413 2751 1446 2785; x_wconf 88' lang='lat' dir='ltr'>p.</span> <span class='ocrx_word' id='word_1_274' title='bbox 1460 2741 1529 2774; x_wconf 76' lang='lat'>264</span> 
     </span>
    </p>
   </div>
  </div>
 </body>
</html>
