1842 3250
94 748 163 782 517

92 897 162 931 518

135 969 166 992 ιο

93 1563 163 1597 519

691 214 898 246 EPICVRI
924 214 1109 246 ETHICA
1541 214 1610 248 317

194 326 442 360 ALExANDnn
467 325 582 369 Aphr.
610 325 655 357 de
681 326 798 359 anima
816 333 842 359 11
859 325 906 360 22
925 326 1088 360 s.156·³9
1116 326 1155 369 (ἡ
1185 325 1319 370 ἀρετὴ)
1344 327 1429 371 περὶ
1456 326 1528 369 τὴν
1551 327 1609 362 ἐκ-

194 389 312 433 λογήν
341 390 420 424 ἐστι
446 391 524 424 τῶν
555 389 680 433 ἡδέων
706 391 788 425 κατ’
814 390 1046 434 Ἐπίκουρον.

313 469 508 505 ORIGENES
543 476 666 504 contra
693 471 838 504 Celsum
865 480 891 504 V
918 472 963 505 47
991 483 1024 515 p.
1044 471 1116 504 270
1134 472 1292 506 Hoesch.
1336 472 1441 506 οὕτω
1473 472 1514 506 δὲ
1548 473 1609 507 καὶ

194 537 288 580 ἄλλη
321 536 389 580 μὲν
422 536 446 578 ἡ
478 536 701 580 Ἐπικούρου
734 535 887 579 ἀνδρεία
923 537 1184 578 ὑπομένοντος
1217 537 1360 578 πόνους
1393 537 1454 571 διὰ
1480 537 1609 580 φυγὴν

192 601 325 636 πόνων
350 600 550 643 πλειόνων,
590 601 684 643 ἄλλη
715 600 747 634 δ’
774 602 798 643 ὴ
825 604 896 635 τοῦ
924 600 1000 635 ἀπὸ
1027 602 1094 643 τῆς
1120 603 1236 642 στοᾶς
1262 601 1306 635 δι’
1335 601 1456 644 αὐτὴν
1482 601 1608 645 αἱρου-

193 664 309 708 μένου
336 666 462 699 πᾶσαν
490 662 630 707 ἀρετήν
657 665 735 698 κτλ.

312 745 504 780 Lmnuvs
532 744 642 780 onc.
670 755 695 779 x
726 746 795 779 120
833 746 904 788 τὴν
932 747 972 781 δὲ
1001 745 1177 791 ἀνδρείαν
1204 747 1318 790 φύσει
1348 748 1398 790 μὴ
1426 747 1608 791 γίνεσθαι,

191 814 360 857 λογισμῷ
388 812 429 847 δὲ
454 814 524 847 τοῦ
551 811 826 855 συμφέροντος.

312 893 511 929 ORIGBNES
539 898 658 926 contra
686 892 827 925 Celsum
857 901 884 925 v
909 893 956 926 47
982 904 1015 936 p.
1035 893 1106 926 270
1132 893 1292 926 Hoesch.
1334 893 1408 936 ἤδη
1440 893 1481 927 δὲ
1515 893 1608 927 ἀπο-

194 958 384 994 δείκνυται
410 959 503 1002 ᾰλλη
531 959 597 1000 μὲν
624 958 647 1001 ή
675 958 756 992 κατ’
783 957 1004 1001 Ἐπίκουρον
1032 959 1253 1002 δικαιοσύνη
1283 972 1298 989 *
1328 973 1368 999 ι,
1396 959 1489 1001 ἄλλη
1517 959 1557 993 δὲ
1585 963 1608 1002 η

192 1024 289 1058 κατὰ
305 1025 396 1065 τοὺς
415 1023 608 1064 Στωικοὺς
633 1022 892 1066 ἀρνουμένους
918 1023 963 1057 τὸ
990 1023 1159 1066 τριμερὲς
1185 1025 1254 1066 τῆς
1280 1026 1416 1066 ψυχῆς,
1446 1025 1539 1067 ἄλλη
1568 1024 1607 1058 δέ

191 1089 288 1124 κατὰ
314 1089 405 1130 τοὺς
430 1087 506 1123 ἀπὸ
531 1086 742 1129 Πλάτωνος
770 1086 1008 1131 ἰδιοπραγίαν
1034 1090 1113 1121 τῶν
1141 1090 1266 1131 μερῶν
1291 1089 1360 1130 τῆς
1385 1090 1510 1131 ψυχῆς
1535 1088 1608 1131 φά-

191 1163 354 1196 σκοντας
379 1154 474 1189 εἶναι
499 1154 570 1197 τὴν
599 1152 853 1196 δικαιοσύνην.

193 1221 438 1254 Awu's'rmvs
478 1229 582 1252 senn.
620 1225 816 1252 cccxnvm
856 1219 877 1252 3
908 1223 930 1251 t.
968 1225 988 1250 ι·
1021 1229 1055 1261 p.
1096 1217 1186 1251 1343
1221 1229 1272 1261 sq.
1312 1219 1368 1251 ed.
1395 1219 1486 1251 Ven.
1516 1217 1608 1252 1729

150 1291 166 1315 5
194 1284 282 1327 ‘qua
314 1289 460 1328 propter
491 1283 672 1316 inridendi
707 1289 787 1315 sunt
820 1282 924 1315 huius
964 1283 1086 1314 mundi
1124 1281 1346 1325 philosophi,
1387 1293 1458 1314 non
1491 1282 1606 1314 solum

190 1349 370 1393 Epicurei,
405 1348 465 1391 qui
492 1348 598 1381 etiam
622 1348 733 1391 ipsam
760 1348 931 1380 iustitiam
961 1347 1123 1379 uenalem
1149 1346 1282 1379 habeut
1315 1347 1466 1380 carnalis
1491 1347 1606 1390 pretio

192 1413 401 1457 uoluptatis,
441 1414 562 1446 dicunt
583 1413 674 1445 euim
700 1417 889 1456 propterea
913 1412 1108 1455 sapientem
1135 1413 1267 1445 iustum
1294 1423 1374 1445 esse
1399 1412 1543 1449 debere,
1570 1416 1608 1444 ut

191 1477 248 1509 uel
275 1476 439 1519 adquirat
464 1475 523 1508 uel
551 1479 670 1508 teneat
697 1485 738 1507 ex
764 1485 914 1518 corpore
941 1475 1161 1518 uoluptatem
1172 1475 1191 1509 '.

305 1557 604 1608 Δικαιοσύνης
635 1557 802 1608 καρπὸς
834 1557 1039 1609 μέγιστος
1072 1556 1291 1609 ἀταραξία.

133 1637 167 1663 20
195 1628 378 1664 Cmnnms
404 1630 513 1664 Alex.
539 1635 658 1663 strom.
677 1638 719 1664 vx
738 1631 759 1663 2
785 1641 819 1673 p.
834 1629 916 1667 266,
932 1630 977 1663 39
1004 1629 1110 1671 αὖθίς
1135 1640 1177 1664 τε
1195 1629 1493 1673 Ἀριστοφάνους
1518 1630 1606 1673 γρά-

91 1905 182 1939 520*

194 1705 339 1737 φοντος
364 1694 532 1737 ’βέβαιον
558 1696 650 1736 ἐ’Ξεις
675 1695 743 1729 τὸν
772 1694 853 1737 βίον
880 1694 1021 1736 δίκαιος
1048 1695 1114 1737 ὠν,
1155 1694 1268 1738 χωρίς
1292 1705 1333 1730 τε
1361 1696 1525 1739 θορύβου
1553 1696 1613 1729 καὶ

194 1759 318 1801 φόβου
357 1758 483 1801 Ζήσεις
523 1759 666 1800 καλῶς’
705 1759 726 1792 ὁ
764 1758 983 1802 Ἐπίκουρος
1022 1759 1139 1800 λέγει·
1191 1760 1532 1803 Δικαιοσύνης
1568 1787 1575 1794 .
1605 1787 1612 1794 .

194 1822 444 1867 ἀταραξία.

312 1903 569 1938 annncuvs
596 1904 642 1937 de
671 1904 803 1936 uirtute
830 1910 865 1936 et
892 1905 980 1936 uitio
1008 1905 1028 1937 3
1057 1916 1090 1947 p.
1113 1903 1198 1938 101b
1226 1908 1300 1939 ποῦ
1326 1904 1458 1940 τοίνυν
1476 1906 1521 1940 τὸ
1539 1906 1612 1950 ἡδὺ

134 1979 167 2005 25
193 1971 262 2011 τῆς
295 1967 426 2010 κακίας
456 1967 572 2011 ἐστίν,
613 1968 644 2003 εἰ
672 1969 847 2011 μηδαμοῦ
873 1968 918 2002 τὸ
942 1967 1146 2011 ἀμέριμνον
1181 1969 1241 2002 καὶ
1275 1969 1320 2003 τὸ
1350 1970 1495 2005 ἄλυπον
1528 1971 1615 2013 μηδ’

195 2033 400 2077 αὐτάρκεια
436 2034 522 2077 μηδ’
550 2032 731 2077 ἀταραξία
764 2033 849 2076 μηδ’
876 2032 1028 2076 ἡσυχία;
1067 2036 1148 2074 ταῖς
1182 2034 1249 2075 μὲν
1281 2033 1354 2077 γὰρ
1380 2036 1448 2078 τῆς
1475 2035 1615 2079 σαρκὸς

317 2160 339 2194 7
366 2159 522 2204 ἀνδρίαν
542 2161 645 2203 HPQ
670 2160 847 2204 ἀνδρεῑαν
875 2160 892 2193 s
923 2160 928 2202 Ι
965 2161 987 2194 8
1014 2159 1066 2204 δὲ]
1093 2160 1134 2194 δὲ
1161 2162 1221 2194 καί
1241 2161 1306 2195 Ηῑ.
1336 2161 1381 2195 ef.
1400 2162 1613 2194 Plutarchus

198 2218 340 2262 Gryno,
375 2219 435 2262 qui
463 2218 631 2260 dialogus
658 2220 809 2251 refertus
838 2224 892 2251 est
918 2219 1104 2251 sententiis
1132 2219 1325 2262 uerbisque
1350 2220 1508 2264 Epicuri,
1543 2232 1571 2254 e.
1591 2221 1613 2254 4

196 2287 230 2320 p.
248 2275 338 2311 988»
371 2277 488 2321 δῆλόν
521 2277 624 2313 ἐστιν
651 2278 709 2312 ὅτι
735 2280 814 2319 τοῖς
849 2276 1030 2320 ἀνδράσιν
1064 2277 1109 2311 οὐ
1136 2277 1249 2320 φύσει
1277 2278 1426 2319 μέτεστι
1455 2280 1524 2321 τῆς
1550 2278 1613 2312 ἀν-

196 2334 332 2379 δρείας,
359 2338 478 2379 μετῆν
503 2336 576 2380 γὰρ
600 2337 645 2371 ἂν
672 2335 813 2379 ὁμοίως
839 2337 899 2371 καὶ
923 2339 1005 2378 ταῖς
1023 2337 1189 2378 γυναιξὶν
1207 2337 1333 2378 ἀλκῆς,
1361 2349 1441 2370 mox
1460 2338 1614 2373 δουλεύ-

197 2403 317 2429 ουσαν
334 2395 436 2429 ἔθεσι
454 2396 516 2429 καὶ
532 2396 678 2439 ψόγοις,
706 2397 767 2430 καὶ
787 2396 910 2437 δόξαις
928 2395 1086 2438 ἐπήλυσι
1113 2398 1173 2430 καὶ
1198 2396 1323 2437 λόγοις
1347 2397 1613 2440 πλαττομένην

196 2455 375 2495 μελετᾶτε
402 2454 578 2498 ἀνδρείαν
605 2456 665 2489 καὶ
691 2456 783 2497 τοὺς
807 2455 949 2496 πόνους
975 2454 1186 2498 ὑφίστασθε
1213 2456 1273 2489 καί
1298 2455 1389 2497 τοὺς
1415 2455 1614 2497 κινδύνους

196 2513 242 2547 οὐ
260 2513 355 2557 πρὸς
372 2516 494 2548 ταῦτα
512 2516 743 2557 θαρροῦντες
767 2514 859 2549 ἀλλὰ
878 2517 932 2557 τῷ
951 2514 1061 2557 ἕτερα
1086 2515 1227 2556 μᾶλλον
1246 2514 1398 2548 τούτων
1417 2514 1577 2549 δεδιέναι
1604 2514 1614 2559 ξγ

199 2571 243 2605 10
268 2571 366 2605 hiatu
393 2572 521 2605 hausta
548 2578 602 2606 est
628 2573 789 2605 definitio
808 2573 996 2615 Epicurea.
1025 2584 1128 2615 quam
1148 2572 1241 2605 salso
1261 2573 1462 2616 Spenccrus
1479 2581 1614 2616 repete-

195 2630 257 2662 bat
275 2641 318 2663 ex
338 2631 378 2663 fr.
399 2630 471 2664 312
505 2630 511 2674 Ι
550 2631 594 2665 12
613 2632 693 2664 sort.
712 2633 792 2665 τῶν
817 2633 932 2675 τριῶν
958 2633 1083 2674 μερῶν
1118 2632 1123 2674 1
1161 2631 1204 2665 18
1224 2632 1360 2675 reliqua
1378 2632 1489 2664 habes
1509 2643 1614 2675 supra

197 2699 232 2731 p.
252 2688 334 2727 287,
355 2689 398 2722 16
448 2688 464 2733 ΙΙ
513 2690 560 2723 20
585 2690 773 2734 Aristoph.
801 2690 842 2724 sr.
870 2690 938 2722 inc.
970 2691 1013 2724 1¹2)
1039 2691 1077 2723 in
1102 2691 1202 2724 Com.
1229 2691 1338 2724 Mein.
1367 2699 1395 2724 Π
1422 2702 1456 2734 p.
1479 2692 1567 2725 1181
1602 2690 1613 2736 ΙΙ

199 2747 246 2780 24
273 2747 503 2780 Plutarchum
530 2749 706 2792 Epicurea
731 2758 922 2792 praecepta
949 2750 1145 2792 exprimere
1171 2750 1399 2782 manifestum
1425 2756 1478 2782 est
