1846 3288
462 283 528 315 DE
558 284 889 318 FRAGMENTIS
915 285 1120 318 EPICVRI
1418 287 1506 320 LIII

90 412 243 453 ponere
282 400 482 450 taederet,
527 399 630 437 ultra
666 401 997 448 probabilitatem
1035 401 1176 439 lusisse
1210 401 1349 451 potius
1381 414 1504 452 quam

84 470 333 508 restituisse:
367 468 481 517 quod
512 479 605 505 cum
637 479 859 517 numquam
892 469 1045 506 lectore
1076 480 1160 506 non
1195 470 1352 506 monito
1392 470 1503 508 fecc-

85 538 169 587 rim,
213 548 296 575 non
332 540 417 573 tam
454 535 697 572 damnosum
740 536 918 573 futurum
949 548 1072 585 quam
1105 536 1204 573 utile
1236 548 1356 586 spero
1392 537 1502 575 exci-

84 604 221 643 tandis
259 602 434 651 ingeniis
475 602 733 641 felicioribus.
780 604 947 641 omnino
985 604 1025 641 in
1065 603 1302 652 fragmentis
1338 616 1500 654 quoque

84 672 190 710 hanc
220 670 316 709 mihi
345 670 476 718 legem
498 669 662 718 inposui
693 676 736 707 ut
763 670 943 709 breuiter
973 672 1218 709 adnotarem
1250 672 1500 722 ubicumque

82 740 299 777 lectionem
321 737 514 775 traditam
536 743 606 774 aut
637 744 845 786 receptam
878 751 926 776 ex
958 739 1130 777 alioruin
1149 736 1164 762 1
1196 739 1260 776 uel
1282 751 1376 777 mea
1399 751 1500 777 con-

83 807 238 844 iectura
276 811 520 843 mutassem:
569 804 766 853 reliquam
815 806 1000 843 lectionis
1049 807 1370 856 discrepantiam
1409 819 1499 844 cum

81 887 166 912 non
195 874 238 911 in
269 873 593 922 fragmentorum
624 873 871 911 collectione
895 876 1112 924 quisquam
1146 880 1317 923 quaerat
1351 876 1427 912 sed
1458 875 1500 912 in

83 941 329 979 editionibus
366 940 552 989 sontium,
592 941 758 978 missam
797 941 886 986 feci,
930 942 1004 979 nisi
1043 943 1109 979 ubi
1147 943 1265 980 nouis
1305 943 1499 980 subsidiis

82 1009 140 1047 uti
179 1008 307 1046 licuit:
341 1007 475 1057 qualia
508 1007 547 1044 in
579 1007 761 1046 Senecae
792 1009 885 1046 loco
918 1009 963 1046 fr.
998 1011 1076 1050 351
1111 1010 1336 1047 BRvNoms
1369 1010 1497 1048 LARI·

81 1086 195 1115 serm
236 1075 392 1124 officio,
437 1074 476 1112 in
521 1074 744 1113 Alexandri
797 1077 1129 1126 Aphrodisiensis
1181 1078 1225 1117 fr.
1257 1079 1339 1116 290
1376 1077 1500 1116 Ivom

81 1143 275 1181 BRVNsm
307 1142 451 1191 debui;
495 1143 549 1180 ad
581 1145 806 1182 sententias
836 1157 859 1181 a
894 1146 1054 1183 Seneca
1084 1145 1125 1182 in
1157 1146 1425 1195 epistularum
1455 1145 1498 1183 li-

81 1212 161 1249 bris
191 1211 391 1261 prioribus
422 1216 607 1249 seruatas
635 1211 809 1250 PAvas
840 1211 1069 1263 Worraus,
1101 1214 1169 1261 qui
1202 1213 1324 1250 etiam
1353 1224 1498 1262 opera·

81 1291 166 1316 rum
197 1279 399 1317 erroribus
432 1279 687 1328 corrigendis
719 1291 793 1329 per
819 1282 1038 1319 maximam
1064 1280 1385 1329 fragmentorum
1407 1292 1497 1330 par-

82 1353 163 1384 tem
194 1358 332 1384 curam
364 1347 568 1384 sollertem
594 1347 794 1391 adhibuit,
831 1347 1050 1386 lectionem
1079 1349 1234 1386 codicis
1251 1347 1495 1385 Metensis

83 1412 164 1463 (M)
195 1413 293 1452 mihi
322 1414 516 1463 inpertiit‚
548 1414 602 1451 de
626 1426 707 1463 quo
736 1414 800 1452 ille
832 1416 873 1452 in
903 1416 1250 1454 commentatione
1273 1415 1402 1453 acutis
1425 1415 1494 1452 ob-

80 1482 382 1519 seruationibus
415 1488 457 1519 et
488 1482 848 1519 emendationibus
879 1482 1028 1533 insigni
1043 1479 1069 1532 ⁶³,
1107 1495 1211 1532 quae
1243 1483 1346 1523 in.·er
1372 1484 1494 1522 Exer-

81 1548 285 1587 citationis
323 1550 614 1598 grammaticae
657 1551 880 1599 specimina
913 1550 1082 1588 Bonuae
1117 1553 1222 1590 1881
1264 1552 1376 1589 edita
1418 1558 1493 1597 cst,

80 1616 181 1654 dixit
197 1629 235 1667 p.
256 1619 304 1655 31
326 1629 386 1666 sq.
434 1617 472 1654 in
491 1617 710 1655 Plutarcho
728 1618 1081 1668 acquiescendum
1102 1618 1197 1656 mihi
1220 1619 1292 1656 fuit
1310 1618 1495 1668 Wytten-

79 1683 213 1721 bachii
244 1685 511 1733 testimonii83
544 1696 635 1722 sero
668 1676 848 1735 cognoui
878 1686 933 1723 ad
966 1697 1090 1723 unam
1122 1687 1266 1724 saltem
1301 1687 1495 1724 disserta-

78 1751 233 1789 tionem
266 1753 478 1791 Aduersus
519 1752 695 1791 Coloten
733 1753 899 1791 codices
939 1754 1044 1790 duos
1083 1754 1152 1803 qui
1188 1754 1264 1791 soli
1305 1753 1492 1791 innotue-

76 1824 170 1856 runt
205 1817 413 1858 Parisinos
448 1820 556 1859 1672
589 1820 658 1868 (E)
701 1827 744 1858 et
777 1822 885 1861 1675
920 1818 991 1871 (Β)
1030 1821 1216 1858 conlatos
1252 1833 1276 1860 a
1307 1821 1495 1859 Maximi-

77 1951 230 1985 Scottius
256 1954 394 1996 Fragm.
423 1955 528 1988 Herc.
553 1967 588 1998 p.
612 1954 659 1989 82
684 1955 764 1988 adn.
798 1956 833 1987 in
872 1955 951 1998 ipso
979 1955 1182 1998 apographo
1210 1954 1409 1988 oxoniensi
1443 1954 1493 1987 le·

75 2012 173 2053 gisse
197 2012 350 2052 uidetur,
377 2014 538 2058 ψῆφον
567 2013 613 2057 ἐμ
645 2013 798 2057 πελάγει
824 2015 961 2057 Ζητεῑν,
1001 2025 1068 2055 ego
1100 2015 1229 2057 primus
1260 2014 1494 2048 coniecturam

75 2080 188 2103 meam
217 2071 328 2106 rideo.

197 2132 214 2165 1
243 2132 378 2164 etiamsi
405 2132 524 2164 studui
549 2135 590 2164 ut
614 2142 717 2165 suum
742 2134 869 2176 cuique
896 2133 1096 2170 redderem,
1123 2132 1200 2164 fieri
1226 2137 1346 2164 tamen
1377 2133 1494 2176 potuit

76 2200 118 2221 ne
150 2189 263 2223 dicam
295 2191 418 2224 debuit
448 2196 487 2224 ut
518 2192 740 2224 coniecturas
776 2193 820 2224 ab
857 2192 936 2225 aliis
962 2197 1151 2235 occupatas
1178 2202 1250 2225 non
1277 2191 1390 2224 solum
1417 2192 1492 2234 ipse

76 2247 226 2282 facerem
257 2250 321 2282 sed
355 2250 460 2283 etiam
494 2256 532 2283 ut
562 2261 660 2283 meas
696 2251 857 2295 ederem3
898 2251 996 2285 uelut
1033 2261 1113 2284 sero
1147 2251 1221 2283 uidi
1255 2252 1371 2285 τινῶν
1396 2252 1490 2294 quod

74 2318 108 2350 p.
128 2306 206 2347 145,
225 2307 249 2342 4
274 2309 396 2352 scripsi
424 2310 494 2342 iam
522 2321 541 2342 a
558 2311 607 2343 R.
629 2310 792 2343 Hirzelio
820 2311 1039 2354 propositum
1068 2320 1146 2342 esse
1172 2315 1310 2344 unters.
1330 2320 1343 2343 Ι
1362 2321 1395 2353 p.
1412 2310 1490 2349 156,

75 2371 110 2398 et
133 2377 168 2410 p.
182 2366 264 2405 280,
280 2367 325 2402 1ss
351 2370 521 2412 sonisque
547 2369 653 2401 audio
669 2369 711 2404 G.
730 2370 1010 2403 Windhausium
1032 2371 1066 2402 in
1093 2375 1349 2413 programmate
1367 2370 1491 2403 Darin-

75 2425 244 2457 stadiensi
269 2437 299 2459 a.
318 2425 409 2461 1879
434 2438 468 2470 p.
487 2428 510 2460 8
538 2437 743 2471 occupasse.
790 2438 978 2471 aequorum
1009 2428 1164 2461 iudicum
1192 2429 1227 2460 in
1255 2428 1320 2460 hae
1347 2438 1490 2471 quoque

73 2494 110 2515 re
137 2484 274 2516 ueniam
301 2496 406 2529 spero
434 2497 550 2530 neque
580 2488 688 2519 credo
713 2487 870 2529 Georgio
892 2487 1121 2521 Ferdinando
1141 2488 1302 2528 Rettigio
1318 2488 1490 2521 Bernensi

73 2542 264 2586 aliquando
289 2544 450 2586 collegae
477 2555 556 2579 meo
585 2546 762 2579 aemulum
783 2557 995 2589 quemquam
1016 2547 1102 2580 sore.
1143 2547 1255 2579 semel
1271 2546 1412 2578 memini
1431 2557 1487 2579 me

73 2601 279 2644 typothetae
305 2604 501 2637 rationibus
527 2606 726 2648 inpeditum
748 2616 827 2638 esse
853 2606 1042 2649 quominus
1068 2610 1245 2639 auctorem
1272 2606 1488 2638 emendatio-

72 2659 125 2692 nis
152 2661 402 2696 adscriberem:
430 2663 466 2695 in
492 2663 572 2698 adn.
591 2675 624 2707 p.
646 2664 724 2703 131,
741 2664 785 2698 16
813 2665 970 2697 Senecae
997 2666 1100 2697 tacite
1126 2665 1263 2697 reddidi
1289 2676 1363 2697 mos
1390 2671 1488 2697 anu-

73 2729 141 2761 qus
156 2719 246 2763 suit
268 2731 333 2762 pro
361 2721 507 2763 uolgato
533 2724 697 2766 antiquis
725 2734 872 2756 suasore
899 2724 1055 2756 Diterico
1082 2724 1335 2758 Holthoefero.

194 2778 216 2811 2
240 2778 479 2822 profitendum
504 2781 586 2813 mihi
605 2787 687 2821 erat,
714 2782 812 2826 quod
839 2787 873 2815 et
890 2783 975 2816 olim
1002 2783 1097 2815 sensi
1123 2789 1156 2815 et
1174 2793 1265 2816 nunc
1287 2784 1414 2822 sentio,
1441 2794 1483 2815 ne

74 2846 163 2878 quae
188 2837 390 2871 inconsulte
416 2840 559 2883 quidam
585 2841 829 2874 iudicauerunt
854 2842 1005 2885 probare
1032 2842 1178 2876 uiderer.
