1842 3250
142 309 206 345 57·

160 742 208 777 «33

169 1917 217 1951 45⁴2·

169 1996 215 2032 67

169 2274 216 2308 68

234 194 307 230 344
788 192 1107 226 SPICILEGIVM

353 307 611 343 anwAnonvs
636 312 758 342 eontra
782 309 930 353 Epicuri
956 308 1074 342 beatit.
1104 307 1149 342 13
1174 319 1207 352 p.
1228 307 1354 342 1095⁶2
1407 319 1513 352 supra
1537 309 1579 344 fr.
1605 309 1654 344 20

235 385 269 418 p.
288 372 412 416 98,19
427 384 481 418 sq.
506 373 550 408 cf.
576 373 618 408 fr.
643 372 715 409 569
739 384 820 408 cum
850 374 930 409 adn.

358 457 644 494 GNOMOLOGION
669 460 889 493 Monacense
919 458 1000 499 194,
1032 458 1170 492 codicis
1196 458 1308 492 Paris.
1337 458 1430 494 1310
1466 460 1522 494 ed.
1548 460 1651 493 Bois·

236 524 405 557 sonadius
431 524 571 558 Anecd.
599 523 659 558 Gr.
686 532 717 557 11
742 534 777 567 p.
795 522 866 557 467
899 521 1119 566 Ἐπίκουρος
1143 523 1164 558 ὁ
1194 523 1409 567 φιλόσοφος
1435 523 1652 568 ἐρωτηθείς,
1702 544 1705 545 ⁷

235 587 329 624 πότε
360 588 432 631 χρὴ
463 587 612 630 γυναικί
640 589 899 631 προσομιλεῖν,
928 587 1024 631 ἔφη·
1056 585 1177 622 Ὅταν
1211 589 1356 622 σαυτοῦ
1381 586 1653 632 ἀσθενέστερος
1678 602 1696 628 5

235 652 348 696 θέλῃς
373 650 559 693 γενέσθαι.

233 741 278 773 cf.
296 739 402 773 Philo
429 739 472 772 de
497 738 713 782 plantatione
730 738 814 771 Noe
839 736 887 773 35
912 749 946 782 p.
962 736 1035 772 350
1061 739 1182 779 Mang.
1209 737 1454 782 ἐσπουδάσθη
1482 737 1523 773 δὲ
1549 738 1654 783 παρὰ

233 806 391 845 πολλοῖς
415 806 496 838 τῶν
522 802 750 848 φιλοσόφων
777 802 801 845 ἡ
827 801 960 845 σκέψις
986 802 1033 837 οὐ
1058 801 1232 847 μετρίως,
1259 801 1497 846 προτείνεται
1523 803 1565 838 δὲ
1590 803 1655 839 οὕ-

234 877 327 910 τως·
354 867 393 904 Εἰ
419 866 697 911 μεθυσθήσεται
720 867 741 901 ὁ
761 867 899 910 σοφός
927 867 1008 902 ἔστι
1033 866 1165 902 τοίνυν
1190 867 1235 902 τὸ
1263 867 1415 909 μεθύειν
1442 868 1581 911 διττόν,
1608 868 1650 902 ἓν

235 934 302 976 μὲν
325 932 410 968 ἴσον
435 943 470 968 τι
496 934 553 977 τῷ
577 931 786 975 οἰνοῦσθαι,
810 931 943 975 ἕτερον
962 931 1004 966 δὲ
1031 930 1114 966 ἴσον
1132 934 1188 977 τῷ
1206 933 1338 976 ληρεῖν
1364 932 1406 967 ἐν
1431 931 1545 978 οἴνῳ·
1571 935 1651 968 τῶν
1680 937 1716 964 10

235 998 276 1033 δὲ
303 997 626 1041 ἐπιχειρησάντων
642 999 690 1041 τῇ
708 995 893 1041 προτάσει
912 995 948 1032 οἳ
967 997 1034 1039 μὲν
1053 997 1201 1040 ἔφασαν
1219 996 1312 1040 μήτε
1333 996 1487 1042 ἀκράτῳ
1505 996 1653 1032 πλείονι

235 1062 443 1107 χρήσεσθαι
468 1061 537 1097 τὸν
561 1062 687 1105 σοφὸν
715 1060 809 1104 μήτε
835 1060 1033 1106 ληρήσειν·
1060 1061 1106 1096 τὸ
1125 1061 1193 1104 μὲν
1210 1061 1283 1105 γὰρ
1309 1061 1521 1106 ἁμάρτημα,
1551 1061 1596 1096 τὸ
1613 1061 1656 1096 δὲ

237 1126 507 1172 ἁμαρτήματος
540 1126 637 1161 εἶναι
669 1122 881 1170 ποιητικόν,
913 1125 1096 1169 ἑκάτερον
1129 1126 1171 1161 δέ
1199 1125 1401 1170 ἀλλότριον
1427 1127 1658 1170 κατορθοῦν-

237 1202 313 1233 τος.
348 1190 384 1226 οἳ
406 1191 448 1226 δὲ
473 1191 518 1225 τὸ
539 1190 606 1233 μὲν
632 1189 829 1225 οἰνοῦσθαι
855 1191 917 1225 καὶ
939 1189 1139 1236 σπουδαίῳ
1168 1193 1366 1234 προσῆκον
1394 1190 1656 1235 ἀπεφήναντο,

237 1257 283 1291 τὸ
310 1256 351 1291 δὲ
376 1257 507 1299 ληρεῖν
532 1252 739 1290 ἀνοίκειον·
770 1254 844 1297 τὴν
873 1254 946 1298 γὰρ
973 1254 1013 1290 ἐν
1042 1255 1149 1300 αὐτῷ
1180 1255 1370 1299 φρόνησιν
1399 1254 1531 1298 ἱκανὴν
1557 1255 1654 1290 εἶναι
1686 1261 1720 1287 15

239 1323 317 1362 τοῖς
344 1320 522 1363 βλάπτειν
541 1319 795 1363 ἐπιχειροῦσιν
816 1319 1088 1362 ἀντιστατῆσαι
1115 1320 1175 1354 καὶ
1201 1319 1269 1355 τὸν
1288 1319 1349 1354 ἐπὶ
1375 1322 1422 1364 τῇ
1442 1322 1547 1364 ψυχῇ
1565 1330 1658 1354 νεω-

240 1385 418 1428 τερισμὸν
445 1384 575 1418 αὐτῶν
599 1386 783 1427 καθελεῖν,
811 1383 970 1425 δύναμιν
998 1383 1039 1418 δὲ
1065 1384 1352 1427 περιβεβλῆσθαι
1378 1384 1566 1427 φρόνησιν
1592 1393 1660 1418 πα·

241 1452 321 1484 θῶν
350 1447 577 1492 σβεστήριον
602 1449 677 1483 κτὲ.

218 1542 225 1549 .
249 1515 328 1552 119,
352 1514 396 1549 21
425 1514 636 1547 testimoniis
662 1514 746 1547 libri
771 1513 867 1557 Περὶ
892 1514 1028 1556 τέλους
1054 1514 1137 1547 add.

239 1578 437 1613 chuuvs
464 1579 509 1611 de
535 1579 689 1624 parasito
717 1578 760 1612 11
795 1579 856 1614 καὶ
882 1579 968 1622 περὶ
993 1579 1113 1613 αὐτοῦ
1140 1582 1209 1613 τοῦ
1236 1579 1371 1621 τέλους
1396 1579 1453 1614 ἀεὶ
1479 1580 1660 1621 πολεμῶν
1686 1587 1723 1614 20

240 1643 449 1687 (Epicurus)
476 1644 537 1678 καὶ
562 1644 837 1687 διαφερόμενος
861 1644 955 1687 πρός
981 1654 1086 1686 τινας
1115 1663 1169 1678 -.

241 1707 454 1742 Vl'l'ssvvws
480 1716 536 1741 vn
565 1708 597 1749 1,
624 1706 648 1742 2
672 1718 706 1750 p.
732 1706 811 1747 155,
834 1707 877 1742 15
903 1710 996 1742 Ros.
1026 1708 1204 1751 ‘quasque
1231 1709 1394 1742 Socrates
1422 1708 1549 1741 Platon
1575 1708 1658 1741 Ari-

243 1772 392 1805 stotcles
421 1773 542 1804 Zenon
560 1772 733 1815 Epicurus
753 1772 886 1817 aliique
911 1773 1124 1817 philosophi
1150 1773 1357 1806 hominibus
1383 1773 1542 1814 agendae
1569 1773 1661 1805 uitae

244 1836 513 1871 terminationes
540 1835 728 1873 finissent’.

245 1918 289 1951 ad
315 1928 348 1961 p.
370 1917 450 1957 119,
470 1915 517 1952 ‘25
543 1918 644 1952 adn.:
671 1919 715 1952 cs.
742 1919 870 1952 Cicero
897 1919 1001 1952 Tusc.
1028 1918 1117 1962 disp.
1146 1928 1175 1952 n
1203 1918 1235 1962 7,
1264 1918 1308 1952 18
1324 1930 1400 1962 sqq.
1687 1929 1722 1954 25

244 2010 278 2043 p.
299 1998 380 2038 121,
398 1998 441 2033 31
471 1999 552 2034 add.
579 1998 725 2033 CICERO
752 2000 869 2034 Acad.
886 2005 1019 2044 poster.
1037 2010 1051 2034 1
1071 1999 1104 2039 ²2,
1124 2000 1144 2035 7
1171 2000 1278 2032 ‘illud
1306 2010 1425 2033 uerum
1453 2005 1490 2032 et
1515 1999 1662 2043 simplex

244 2064 390 2107 bonum,
422 2064 519 2107 quod
545 2074 618 2096 non
644 2064 758 2108 possit
783 2065 827 2097 ab
857 2064 1041 2098 honestate
1069 2065 1225 2106 seiungi:
1266 2066 1363 2108 quod
1393 2065 1527 2097 bonum
1557 2064 1663 2107 quale

245 2129 291 2161 sit
316 2133 423 2170 negat
453 2129 598 2162 omnino
622 2129 800 2172 Epicurus
829 2129 904 2163 sine
933 2130 1175 2173 uoluptatibus
1203 2141 1345 2162 sensum
1373 2129 1599 2162 mouentibus
1625 2139 1666 2161 se

244 2202 290 2225 ne
315 2193 483 2236 suspicari
506 2193 686 2237 quz'dem’.

245 2285 279 2319 p.
301 2273 379 2316 122,
400 2274 443 2309 1⁴5
459 2285 537 2318 sqq.
563 2275 645 2309 add.
672 2274 841 2309 Clemens
867 2275 928 2309 Al.
957 2280 1077 2310 strom.
1102 2285 1132 2309 11
1160 2275 1207 2311 20
1232 2288 1266 2320 p.
1288 2275 1367 2314 177,
1386 2275 1432 2310 *29
1459 2275 1500 2318 (ἡ
1526 2274 1663 2318 ἡδονὴ)
1689 2281 1726 2307 30

367 2423 390 2458 4
418 2424 440 2459 ὀ
466 2423 681 2468 φιλόσοφος
707 2435 776 2460 om.
803 2425 946 2459 Monac.
968 2425 975 2467 Ι
997 2424 1020 2459 5
1046 2424 1133 2469 χρὴ]
1161 2426 1217 2460 δεῖ
1243 2427 1342 2459 Mon.
1366 2423 1373 2470 Ι
1394 2433 1555 2469 προσομ.
1582 2433 1664 2466 γυν.

247 2484 347 2518 Mon.
368 2482 376 2527 Ι
397 2484 540 2519 σαυτὸν
566 2483 841 2528 ἀσθενέστερον
868 2484 988 2526 θέλεις
1013 2484 1143 2529 (θέλης
1168 2485 1287 2527 Mon.)
1311 2485 1404 2518 libri.
1449 2484 1564 2517 forma
1588 2493 1664 2516 sen-

248 2542 379 2576 tentiae
404 2554 476 2575 non
494 2543 673 2585 Epicurea
695 2548 749 2576 est
768 2544 833 2576 sed
846 2544 1071 2587 Pythagorea
1087 2544 1129 2577 cf.
1149 2545 1264 2577 Laert.
1285 2544 1391 2584 Diog.
1411 2552 1481 2576 vm
1499 2542 1522 2576 9
1541 2547 1626 2576 extr.
1649 2540 1666 2586 Η

247 2600 270 2634 8
296 2601 341 2634 de
359 2601 490 2634 Stoicis
515 2602 560 2635 cf.
579 2602 715 2634 Seneca
741 2602 842 2645 epist.
871 2603 929 2641 83,
950 2602 972 2636 9
994 2614 1071 2647 sqq.
1099 2602 1275 2645 Didymus
1301 2602 1409 2634 Arius
1427 2601 1574 2633 Stobaei
1600 2600 1666 2633 ecl.

248 2659 320 2694 eth.
333 2670 368 2704 p.
385 2660 464 2695 109.
483 2660 505 2695 5
518 2661 716 2700 Wachsm..
740 2661 785 2693 de
803 2660 1043 2704 Peripateticis
1063 2661 1150 2695 ibid.
1177 2672 1211 2704 p.
1233 2660 1313 2699 144,
1338 2660 1383 2694 10
1405 2660 1411 2703 Ι
1435 2660 1480 2694 19
1507 2661 1668 2703 χρῆσθαι

250 2726 284 2752 et
302 2719 457 2763 ληρήσει
477 2720 585 2752 fertur
602 2720 618 2761 n
638 2720 683 2754 28
702 2731 739 2752 se
757 2719 815 2764 nc]
834 2731 898 2753 nec
916 2721 1000 2752 libri
1023 2718 1029 2764 Ι
1052 2720 1097 2754 29
1117 2721 1260 2764 quidem
1281 2719 1462 2762 suppleuit
1476 2718 1666 2751 Durandus
