1842 3250
189 1851 259 1883 473

191 2197 262 2230 474

282 210 352 244 302
776 209 981 242 EPICVRI
1006 209 1194 244 ETHICA

280 323 490 362 Ivvmums
514 328 578 358 sat.
605 325 662 365 14,
680 325 749 359 316
949 325 1128 359 ‘mensura
1150 330 1268 358 tamen
1293 335 1383 369 quae

483 389 634 423 sufficiat
659 400 798 429 census,
825 390 855 423 si
881 391 961 434 quis
986 400 1041 423 me
1068 390 1242 430 consulat,
1267 391 1384 423 edam:

481 454 518 486 in
544 459 713 498 quantum
737 455 815 488 sitis
842 459 947 498 atque
974 455 1083 487 fames
1111 459 1146 487 et
1170 454 1303 496 frigora
1328 458 1491 497 poscunt,

482 524 661 562 quantum,
687 519 852 562 Epicure,
878 519 946 552 tibi
970 520 1089 562 paruis
1116 518 1256 552 suffecit
1279 519 1316 551 in
1344 518 1469 558 hortis,

354 588 434 623 (820)
482 588 649 627 quantum
674 583 847 616 Socratici
871 589 1041 627 ceperunt
1064 589 1145 616 ante
1169 587 1328 627 penates.
1710 593 1726 618 5

482 657 670 691 numquam
699 648 795 680 aliud
821 652 955 686 natura,
982 647 1078 680 aliud
1106 647 1280 691 sapientia
1304 647 1390 680 dicit
1400 646 1420 681 ².

282 711 329 745 id.
359 711 414 750 13,
435 711 503 745 122
530 711 738 755 ‘Epicurum
765 738 772 746 .
790 738 799 746 .
818 736 828 746 0
857 712 975 754 exigui
1001 713 1132 746 laetum
1157 713 1380 755 plantaribus
1405 711 1498 744 horti
1510 711 1531 744 '.

283 774 482 810 HORATle
508 778 610 820 epist.
635 784 650 810 1
679 776 733 815 12,
751 776 772 810 3
1122 776 1227 809 ‘tolle
1254 776 1449 820 querellas:

483 850 616 884 pauper
643 842 735 873 enim
761 851 833 874 non
860 847 924 879 est,
951 841 1006 873 cui
1032 851 1147 874 rerum
1172 842 1328 884 suppetit
1352 851 1449 875 usus.

484 905 514 937 si
539 906 654 938 uentri
679 906 782 944 bene,
810 905 840 938 si
866 904 969 938 lateri
996 910 1049 938 est
1074 906 1299 948 pedibusque
1325 906 1406 944 tuis,
1430 905 1482 937 nil
1713 917 1745 941 ιο

483 969 627 1002 diuitiae
655 974 822 1013 poterunt
846 970 983 1011 regales
1010 970 1142 1002 addere
1167 970 1307 1003 maius’.

282 1033 326 1066 cf.
354 1034 527 1066 Manilius
552 1041 591 1067 lv
618 1034 745 1068 6—11.

404 1114 546 1149 C101⁴3R0
571 1116 676 1149 Tusc.
697 1116 788 1158 disp.
807 1122 830 1148 V
848 1115 905 1154 32,
920 1115 965 1149 89
991 1115 1064 1148 ‘hic
1083 1126 1168 1149 uero
1187 1117 1264 1160 ipse
1282 1126 1386 1160 quam
1405 1125 1514 1159 paruo
1538 1120 1591 1148 est
1608 1125 1689 1147 con-

283 1185 412 1213 tentus.
457 1189 560 1212 nemo
588 1180 633 1211 de
660 1179 757 1212 tenui
786 1179 880 1212 uictu
907 1179 1009 1223 plura
1033 1180 1134 1212 dixit.
1163 1181 1289 1213 etenim
1317 1190 1407 1223 quae
1434 1191 1489 1213 res
1515 1179 1688 1222 pecuniae

284 1244 514 1287 cupiditatem
541 1243 718 1283 adserunt,
754 1249 792 1276 ut
818 1245 939 1284 amori,
974 1250 1012 1277 ut
1036 1244 1233 1283 ambitioni,
1267 1249 1305 1277 ut
1331 1244 1518 1277 cotidianis
1545 1245 1688 1288 sumpti·
1716 1249 1746 1275 15

284 1308 351 1340 bus
379 1308 505 1351 copiae
531 1313 731 1352 suppetant,
765 1318 844 1341 cum
869 1308 995 1352 procul
1024 1310 1068 1341 ab
1093 1304 1150 1341 his
1176 1309 1341 1342 omnibus
1368 1309 1474 1342 rebus
1501 1309 1604 1351 absit,
1629 1319 1690 1340 cur

284 1373 468 1415 pecuniam
494 1383 622 1414 magno
649 1382 758 1416 opere
785 1373 965 1405 desideret
990 1373 1047 1405 uel
1074 1374 1194 1417 potius
1220 1384 1280 1405 cur
1305 1378 1403 1405 curet
1429 1371 1609 1405 omnino?

285 1437 333 1471 id.
360 1437 448 1470 ibid.
474 1443 497 1470 V
525 1438 581 1476 31,
600 1437 645 1470 89
683 1437 743 1469 ‘an
770 1437 815 1469 ad
841 1442 959 1470 cetera
992 1447 1082 1480 quae
1114 1437 1206 1470 mala
1233 1442 1409 1480 putantur,
1448 1447 1520 1468 non
1547 1442 1580 1469 et
1605 1437 1690 1479 Epi·

285 1511 387 1533 curus
415 1506 449 1532 et
478 1501 606 1544 reliqui
633 1501 841 1544 philosophi
867 1502 952 1534 satis
978 1503 1089 1545 parati
1115 1502 1302 1534 uidentur?
1337 1502 1415 1544 quis
1443 1512 1516 1534 non
1544 1512 1690 1544 pauper-

284 1569 388 1596 tatem
417 1564 634 1597 extimescit?
674 1576 787 1609 neque
813 1570 930 1598 tamen
956 1565 1142 1608 quisquam
1166 1564 1488 1609 philosophorum’.
1713 1571 1747 1597 20

284 1627 480 1662 Ilonnivs
507 1630 610 1672 epist.
639 1637 653 1662 1
683 1631 735 1669 10,
755 1630 800 1664 32

488 1694 586 1737 ‘fuge
612 1706 749 1737 magna.
782 1696 867 1728 licet
893 1696 958 1728 sub
984 1705 1138 1739 paupere
1163 1701 1258 1728 tecto

503 1770 604 1801 reges
635 1766 669 1793 et
693 1770 814 1801 regum
837 1761 909 1792 uita
935 1770 1158 1803 praecurrere
1186 1757 1346 1792 amicos‘.

398 1840 432 1895 ᾧ
465 1839 613 1889 ὀλίγον
645 1840 725 1891 οὐχ
754 1839 915 1891 ἱκανόν,
947 1837 1058 1882 ἀλλὰ
1088 1839 1230 1894 τούτῳ
1258 1844 1308 1888 ’γε
1341 1839 1469 1881 οὐδὲν
1497 1838 1659 1880 ἱκανόν.

285 1914 485 1947 AEmAst
511 1924 583 1946 uar.
612 1912 694 1946 hist.
722 1921 762 1946 Π·
791 1913 835 1947 13
861 1912 977 1956 (Stob.
1005 1913 1079 1946 flor.
1107 1919 1193 1946 xvii
1219 1912 1280 1955 30)
1313 1910 1530 1955 Ἐπίκουρος
1554 1911 1574 1945 ὁ
1602 1910 1688 1954 Γαρ-
1713 1919 1746 1945 25

284 1976 436 2020 γήττιος
466 1977 656 2020 ἐκεκράγει
682 1977 821 2018 λέγων·
861 1977 892 2021 ᾧ
920 1974 1079 2018 ὀλίγον
1105 1998 1113 2011 -.
1135 2004 1141 2011 .
1163 2004 1196 2011 ..
1226 1976 1396 2011 ἱκανόν.

286 2042 330 2075 es.
357 2042 528 2074 Horatius
556 2041 658 2085 epist.
684 2049 698 2075 1
723 2043 755 2081 2,
777 2042 823 2076 46

484 2107 602 2150 'quod
626 2107 712 2139 satis
741 2111 794 2139 est
820 2107 875 2139 cui
902 2107 1086 2148 contingit,
1112 2106 1202 2139 nihil
1229 2105 1379 2150 amplius
1407 2105 1529 2149 optet'.

399 2190 433 2226 si
461 2190 527 2226 cui
558 2201 632 2227 sua
661 2202 746 2228 non
774 2190 967 2228 uidentur
989 2189 1251 2240 amplissima,
1282 2189 1378 2228 licet
1399 2189 1524 2227 totius
1547 2189 1690 2226 mundi

287 2262 478 2300 dominus
511 2263 575 2305 sit,
607 2268 746 2300 tamen
775 2263 900 2300 miser
928 2269 1004 2302 est.
1715 2273 1749 2297 30

285 2331 435 2367 SENECA
463 2334 565 2376 epist.
592 2333 624 2371 9,
643 2332 689 2365 20
722 2332 774 2365 ‘et
798 2332 875 2376 ipse
902 2332 1075 2376 Stilponis
1101 2333 1311 2373 obiurgator
1335 2333 1510 2376 Epicurus
1537 2331 1690 2365 similem

285 2396 342 2429 illi
375 2407 501 2429 uocem
533 2397 660 2435 emisit,
701 2408 806 2440 quam
837 2402 874 2428 tu
906 2397 992 2428 boni
1022 2397 1182 2437 consule,
1221 2397 1359 2429 etiamsi
1385 2396 1477 2429 hunc
1504 2397 1596 2429 diem
1622 2397 1690 2430 iam

286 2461 456 2506 expunxi:
486 2462 522 2493 si
549 2461 617 2494 cui
642 2462 756 2504 inquit
780 2472 856 2494 sua
881 2487 889 2495 .
910 2488 918 2497 .
936 2487 944 2495 .
964 2487 972 2496 .
1000 2468 1074 2495 est„
1102 2461 1160 2494 uel
1187 2462 1217 2493 si
1244 2461 1312 2494 hoc
1338 2462 1445 2494 modo
1472 2461 1538 2494 tibi
1564 2461 1691 2494 melius

411 2613 500 2647 1-—6
527 2614 574 2646 ob
603 2614 727 2646 oculos
754 2618 930 2647 uersatum
956 2618 1083 2657 poetae
1111 2618 1164 2645 est
1190 2613 1230 2646 fr.
1252 2611 1323 2647 200
1373 2611 1390 2656 u
1442 2612 1490 2646 24
1516 2611 1608 2647 ἀλλὰ
1634 2623 1691 2645 om

287 2672 463 2706 Stobaeus
500 2673 507 2717 1
540 2674 586 2707 26
615 2673 792 2717 ἐκέκραγε
818 2674 942 2715 λέγων
967 2673 1067 2706 Stob.
1094 2673 1223 2714 ἔλεγεν
1240 2672 1324 2706 libri
1344 2672 1491 2705 Aeliani
1526 2675 1532 2714 Ι
1567 2672 1614 2705 26
1639 2682 1692 2704 se-

286 2733 405 2777 quitur
432 2732 471 2765 fr.
491 2731 560 2765 602
601 2731 618 2775 ss
658 2733 705 2766 29
734 2733 779 2765 cs.
799 2733 871 2766 Cic.
890 2734 996 2765 Tusc.
1014 2738 1037 2765 V
1056 2731 1113 2772 32,
1129 2731 1175 2767 92
1195 2736 1260 2764 cet.
1299 2731 1307 2774 l
1343 2730 1386 2764 31
1415 2732 1581 2764 stilbom's
1607 2730 1691 2762 libri
