1846 3288
430 201 499 235 DE
527 202 734 235 EPICVRI
756 203 1011 236 EPISTVLIS
1038 203 1073 233 11
1098 202 1161 233 ET
1186 202 1242 234 ΠΙ
1452 203 1542 235 XLI

126 315 217 367 quis
248 313 417 355 credat?
454 327 577 367 quem
608 317 684 355 etsi
706 317 931 356 Democriti
963 324 1004 356 et
1035 317 1403 365 Democriteorum,
1431 318 1541 356 Ana-

124 393 306 434 xagorae
336 389 377 422 et
408 382 596 423 Archelai
629 382 698 433 (cf.
727 385 772 425 fr.
795 384 894 431 240)
931 385 1149 436 opiniones
1182 385 1300 423 facile
1333 386 1540 423 concede-

123 463 212 488 mus
250 451 381 501 ipsum
420 462 472 489 ex
504 450 661 490 illorum
692 451 799 489 libris
828 453 1006 498 nouisse,
1035 453 1282 502 reliquorum
1314 460 1358 491 ut
1389 466 1540 504 cogno·

125 525 258 557 sceret
279 518 459 556 rationes
483 525 810 558 consentaneum
832 527 894 558 est
916 520 1058 558 librum
1079 521 1118 558 ei
1138 521 1191 558 ad
1213 532 1378 558 manum
1401 520 1540 571 fuisse,

124 597 208 636 quo
243 585 484 635 conpositas
515 591 558 623 et
589 592 837 636 conparatas
869 588 978 625 nullo
1008 588 1175 637 negotio
1207 588 1422 639 inueniret,
1461 588 1540 626 hoc

125 659 188 690 est
221 652 498 704 Theophrasti
529 655 733 704 φυσικῶν
765 652 909 704 δόξας.

239 720 459 760 Tertiam
510 722 573 760 ad
632 721 962 761 Menoeceum
1020 725 1288 774 epistulam
1337 724 1538 773 Epicurus

126 801 223 827 cura
252 790 376 840 plane
407 790 599 840 singulari
630 790 839 840 expoliuit.
888 804 1022 841 neque
1052 792 1161 830 enirn
1190 792 1324 829 solum
1343 792 1537 842 periodos

121 858 314 895 membris
346 858 616 907 aequabiliter
647 858 890 896 cadentibus
913 860 1216 909 uerborumque
1236 860 1413 909 eleganti
1444 871 1536 897 acu-

122 925 231 963 mine
262 925 449 964 distinxit
481 927 557 963 sed
587 926 714 963 etiam
747 926 859 963 hiatu
892 927 1064 965 uitando
1098 933 1258 965 tantum
1288 938 1371 964 non
1403 927 1537 976 legem

121 992 375 1031 Jsocrateam
418 993 493 1031 sibi
535 994 726 1043 inposuit.
788 994 941 1033 hiatum
983 994 1092 1032 enim
1133 1007 1214 1032 non
1256 995 1423 1033 admisit
1461 995 1538 1032 nisi

124 1059 348 1109 legitimum
385 1066 479 1110 post
515 1060 728 1098 articulum
767 1059 807 1100 οἱ
839 1058 994 1109 ἥκιστα
1025 1063 1091 1108 63,
1114 1064 1167 1099 20
1195 1062 1437 1112 particulam
1468 1059 1537 1101 καί

120 1124 235 1175 (ante
267 1124 356 1166 ἀπὸ
388 1129 453 1172 63,
479 1128 501 1166 2
534 1125 628 1167 ἐπεὶ
657 1129 723 1173 63,
746 1131 771 1166 4
812 1126 879 1168 ἐπὶ
911 1130 976 1173 63,
1001 1130 1024 1167 3
1063 1127 1088 1169 ὁ
1122 1131 1187 1177 61,
1211 1132 1258 1168 21
1296 1126 1362 1168 ὅτι
1395 1131 1461 1176 63,
1484 1132 1535 1169 20

120 1191 173 1234 οὐ
207 1196 273 1243 63,
302 1196 339 1234 5.
380 1196 446 1243 64,
476 1197 500 1233 3
539 1193 619 1245 οὐχ
652 1197 718 1242 64,
743 1197 796 1234 10
833 1193 1044 1236 οὐδέποτε
1081 1198 1145 1242 66,
1168 1198 1190 1234 7
1231 1194 1391 1246 ὑγιείας
1424 1199 1488 1243 64,
1511 1199 1535 1235 4

118 1259 237 1312 ὕδωρ
259 1264 325 1312 64,
346 1265 365 1302 1
389 1260 597 1313 ὠφέλειαι
619 1265 686 1313 60,
711 1261 781 1313 11)
801 1265 1117 1302 coniunctiones
1138 1262 1164 1312 ἢ
1188 1266 1253 1315 66,
1274 1266 1297 1303 2
1318 1262 1372 1314 μή
1397 1266 1464 1307 63,
1486 1265 1536 1303 18

118 1327 183 1373 ὅτι
216 1331 352 1377 63,19
390 1332 743 1382 praepositionem
781 1329 877 1381 περὶ
917 1329 1066 1381 (αὐτὸν
1098 1333 1165 1375 60,
1185 1334 1206 1369 3
1250 1329 1362 1381 ἡμᾶς
1395 1333 1460 1376 62,
1482 1333 1530 1371 17

117 1395 196 1447 οὓς
227 1400 291 1446 61,
312 1395 374 1448 9);
406 1399 469 1436 uel
500 1400 540 1436 in
562 1411 693 1450 pausa
716 1399 918 1437 rarissime
954 1400 1037 1437 hiat
1070 1400 1201 1437 oratio
1228 1397 1310 1449 (62,
1333 1402 1355 1438 9
1380 1409 1421 1437 et
1448 1397 1529 1447 11).

118 1477 204 1502 non
232 1465 312 1503 huc
343 1467 549 1515 pertinent
580 1464 723 1506 οὐκέτι
749 1464 834 1516 (61,
855 1466 925 1517 10)
949 1474 989 1504 et
1011 1465 1170 1516 μηκέτι,
1203 1468 1398 1516 quoniam
1433 1479 1532 1515 apo·

117 1533 314 1582 strophon
344 1534 568 1583 patiuntur,
600 1545 722 1584 quem
754 1535 795 1571 in
828 1534 962 1571 uerbis
995 1530 1136 1583 μηκέτ’
1168 1531 1275 1573 εἶναι
1308 1537 1375 1583 59,
1395 1537 1416 1573 7
1441 1534 1532 1572 Cle-

117 1612 247 1642 mens,
287 1600 332 1640 fr.
365 1603 446 1641 204
486 1614 523 1651 p·
553 1603 646 1652 162,
678 1604 701 1641 5
742 1602 951 1640 Iohannes
984 1602 1187 1639 Stobaeus
1221 1609 1405 1641 testatur.
1462 1604 1532 1652 qui

118 1669 452 1718 relinquebantur
486 1668 620 1708 hiatus
660 1676 732 1707 aut
767 1669 969 1707 editorum
1008 1670 1270 1719 neglegentia
1308 1676 1351 1707 ut
1389 1672 1454 1717 66,
1479 1672 1530 1709 22

117 1734 172 1785 μὴ
205 1733 405 1785 ἀλγῶμεν
442 1749 467 1775 a
497 1736 719 1775 Gassendo
761 1737 1006 1787 suppletum,
1048 1744 1118 1773 aut
1156 1737 1305 1774 uitiosa
1342 1738 1531 1776 librorum

115 1803 291 1842 lectione
320 1805 403 1841 nati
434 1812 531 1842 sunt
563 1812 608 1843 ut
638 1806 704 1850 60,
742 1807 793 1846 10
823 1802 975 1855 βλάβαι
1006 1801 1134 1844 αἴτιαι
1165 1812 1207 1842 et
1238 1807 1304 1854 64,
1332 1807 1386 1844 20
1417 1803 1532 1846 διδά-

114 1877 300 1910 σκουσαι
331 1868 394 1922 ὡς
424 1872 493 1911 ubi
522 1871 722 1922 Epicurus
756 1873 833 1910 nisi
861 1869 1134 1912 διδάσκουσα
1166 1870 1225 1922 ὡς
1258 1873 1301 1910 id
1323 1882 1385 1912 est
1417 1870 1532 1913 διδά-

113 1935 269 1978 σκουσ’
301 1935 364 1988 ὡς
395 1939 571 1978 scribere
602 1951 688 1977 non
718 1940 865 1990 potuit.
906 1946 1064 1976 restant
1094 1940 1173 1977 loci
1205 1946 1286 1977 tres
1319 1941 1421 1983 621
1452 1937 1530 1980 ἀπ·

114 2003 285 2055 έρχεται
318 2005 366 2045 ἐκ
397 2006 476 2046 τοῦ
509 2007 585 2055 ζῆν
617 2007 686 2044 ubi
717 2008 1069 2056 praepositionem
1106 2018 1190 2044 non
1229 2008 1413 2046 dubitaui
1458 2010 1531 2046 de-

113 2073 194 2111 lere
222 2073 272 2113 cs.
296 2074 500 2113 Lucianus
531 2075 627 2114 dial.
649 2080 763 2113 mort.
787 2077 825 2118 6,
850 2077 861 2111 1
901 2081 943 2112 et
966 2074 1116 2114 Toxar.
1143 2076 1195 2114 58
1227 2072 1433 2116 ἀπελθεῖν
1453 2077 1532 2117 τοῦ

113 2137 207 2190 βίου
239 2140 418 2181 Demon.
450 2144 477 2182 4
518 2139 630 2182 ἑκὼν
668 2139 836 2191 ἀπῆλθε
875 2142 954 2182 τοῦ
984 2139 1100 2192 βίου;
1140 2144 1273 2187 63,11
1316 2141 1368 2182 οὐ
1409 2143 1531 2183 πᾶσα

112 2205 258 2257 μέντοι
289 2206 450 2259 αἱρετή,
482 2209 550 2247 ubi
581 2222 666 2248 non
696 2211 830 2248 minus
864 2216 1055 2260 prompta
1087 2217 1175 2247 erat
1202 2211 1363 2248 medela
1387 2209 1532 2259 μέντοι

115 2277 171 2323 γ’;
203 2287 297 2314 nam
330 2277 462 2327 legem
485 2277 710 2316 aPorsone
741 2278 796 2315 ad
814 2277 953 2328 Eurip.
976 2277 1079 2317 Hec.
1106 2280 1215 2317 1214
1242 2277 1395 2318 Phoen.
1421 2280 1529 2318 1638

113 2343 292 2381 edictam
335 2356 470 2395 neque
512 2352 674 2384 ueteres
721 2346 779 2383 ita
818 2346 947 2383 secuti
994 2352 1090 2383 sunt
1123 2351 1166 2383 ut
1195 2346 1414 2395 neglegere
1445 2358 1530 2384 non

112 2409 265 2448 licitum
296 2412 573 2451 existimarent
603 2412 670 2460 (cf.
701 2413 838 2462 Eurip.
872 2412 959 2462 Iph.
986 2412 1035 2452 T.
1061 2413 1142 2451 720
1165 2412 1373 2462 Aristoph.
1397 2412 1530 2451 Thes—

111 2478 246 2527 moph.
279 2476 393 2528 709),
428 2485 468 2517 et
515 2481 763 2529 posteriores
803 2481 901 2517 inde
943 2491 967 2517 a
1009 2478 1182 2517 Platone
1227 2487 1267 2517 et
1308 2480 1529 2518 Aristotele

110 2546 242 2594 magis
264 2547 479 2596 magisque
498 2548 783 2597 neglexerunt,
802 2547 1048 2597 praesertim
1077 2546 1205 2585 sicubi
1230 2546 1365 2585 hiatus
1388 2548 1528 2597 effugi—

112 2613 244 2651 endus
282 2610 394 2650 erat1
436 2613 486 2651 cf.
518 2613 570 2653 H.
606 2614 763 2652 Hoefer
803 2614 869 2652 De
907 2613 1114 2663 particulis
1153 2613 1374 2652 Platonicis
1408 2626 1526 2664 capp.

233 2745 252 2779 1
281 2757 321 2780 ea
347 2758 468 2780 caussa
493 2747 710 2781 Philodemo
739 2748 802 2780 suit
831 2744 921 2779 VH2
946 2757 959 2780 1
978 2747 1062 2781 s.86
1091 2747 1223 2782 111102
1247 2757 1303 2782 vu
1319 2747 1387 2782 116
1413 2757 1439 2783 x
1459 2748 1527 2784 101
