1842 3250
653 244 859 277 EPICVRI
885 244 1075 277 ETHICA
1504 245 1575 279 829

59 361 129 395 55⁷
277 357 523 392 LACTANTIVS
552 357 665 391 diuin.
692 360 801 391 instit.
834 367 876 392 lu
907 358 961 398 17,
979 360 1001 391 6
1031 359 1108 402 ‘qui
1135 360 1285 392 claritati
1320 371 1358 392 ac
1394 360 1574 403 potentiae

156 425 285 462 studet,
325 423 408 456 huic
435 423 497 466 (ab
523 422 697 467 Epicuro)
732 423 948 467 praecipitur
980 434 1082 465 reges
1109 424 1246 456 colere:
1287 425 1347 467 qui
1374 423 1572 457 molestiam

157 490 248 522 serre
277 498 348 520 non
374 492 506 531 potest.
533 487 616 519 huic
644 488 776 529 regiam
803 488 956 529 sugere’.

61 571 131 605 558
277 567 531 602 anmacnvs
561 568 642 603 adu.
669 568 823 601 Coloten
851 569 898 602 34
924 580 958 612 p.
982 567 1092 602 1127*
1123 569 1214 610 τοὺς
1243 568 1284 604 δὲ
1311 569 1489 613 πρώτους
1513 571 1573 605 καὶ

115 643 133 670 5
156 632 409 677 σοφωτάτους
435 634 514 667 τῶν
537 635 759 675 νομοθετῶν
786 636 911 675 κακῶς
936 633 1112 675 λέγοντες
1139 633 1380 678 (Ἐπίκουρος
1405 634 1466 669 καὶ
1491 632 1572 677 Μη-

154 698 375 742 τρόδωρος).

155 763 250 795 idem
275 762 364 795 ibid.
390 760 434 794 21
455 772 489 805 p.
512 761 620 795 1119c
661 764 783 796 ταῦτα
809 762 880 806 γὰρ
908 763 929 796 ὁ
954 761 1090 804 τυφών
1116 762 1230 804 ἐστιν,
1270 761 1315 796 ὃν
1341 763 1462 797 πολὺν
1488 763 1574 804 ὑμῖν

156 825 377 869 ἐνεποίησεν
404 826 425 860 ὁ
452 826 690 869 καθηγεμὼν,
717 827 778 860 καὶ
804 828 903 867 θεοῖς
928 828 1108 868 πολεμῶν
1135 827 1195 860 καὶ
1220 824 1334 868 θείοις
1361 826 1530 870 ἀνδράσι.

155 893 312 925 imitatur
343 892 499 924 comicus
526 891 686 924 Sotionis
714 903 769 935 ap,
799 892 933 925 Athen.
963 899 1031 924 vn!
1060 903 1093 935 p.
1109 889 1198 925 336ἰ
1219 893 1335 935 (Com.
1363 898 1407 924 111
1435 902 1469 934 p.
1486 889 1574 933 395)

102 971 133 996 ιο
406 955 497 997 ἕξεις
523 954 555 988 δ’
583 954 640 989 ὅσ’
668 955 715 989 ἂν
742 954 868 999 φάγῃς
894 965 936 989 τε
963 955 1023 989 καὶ
1050 953 1138 999 πίῃς
1165 953 1278 996 μόνα·

407 1018 550 1060 σποδός
577 1018 618 1053 δὲ
644 1018 772 1061 τᾶλλα,
799 1017 1008 1063 Περικλέης
1035 1018 1176 1063 Κόδρος
1203 1017 1337 1061 Κίμων.

57 1102 128 1137 559
274 1100 530 1136 an'rARcl-lvs
566 1106 689 1133 contra
720 1100 868 1144 Epicuri
906 1100 1165 1134 beatitudinem
1202 1101 1245 1134 15
1277 1112 1311 1144 p.
1333 1100 1441 1135 10970
1480 1101 1574 1135 ἀλλὰ

154 1167 224 1210 τὴν
250 1165 414 1201 ἀτοπίαν
441 1165 531 1200 οὐδὲ
559 1164 791 1207 βουλόμενον
819 1165 899 1199 ἔστι
925 1167 994 1199 τοῦ
1021 1165 1229 1208 ἀνθρώπου
1255 1166 1467 1209 παρελθεῖν,
1507 1165 1575 1207 τὰς

154 1231 222 1273 μὲν
253 1230 555 1279 Θεμιστοκλέους
589 1230 651 1264 καὶ
686 1229 895 1264 Μιλτιάδου
930 1230 1081 1273 πράξεις
1114 1230 1188 1264 ὑπὸ
1222 1230 1341 1271 πόδας
1374 1229 1573 1270 τιθεμένου

101 1307 131 1333 ιιι
155 1296 216 1330 καὶ
246 1294 586 1336 κατευτελίζοντος,
627 1294 722 1337 ὑπὲρ
749 1295 869 1329 αὑτοῦ
898 1294 939 1329 δὲ
967 1322 973 1328 .
995 1321 1002 1329 .
1024 1320 1031 1329 .
1058 1295 1277 1338 γράφοντος
1302 1293 1361 1339 [fr.
1385 1293 1466 1339 183]
1495 1295 1571 1329 κτλ.

53 1381 146 1417 560*
276 1375 532 1410 annncnvs
567 1376 648 1408 adu.
681 1376 836 1408 Coloten
873 1376 918 1409 33
952 1387 986 1420 p.
1010 1375 1118 1410 1127·
1155 1376 1247 1417 τοὺς
1281 1376 1323 1410 δὲ
1357 1376 1576 1418 πολιτικοὺς

154 1442 294 1486 ἄνδρας
329 1442 389 1476 ἐπὶ
423 1440 561 1483 γέλωτι
598 1441 657 1475 καὶ
693 1440 895 1475 καταλύσει
929 1443 998 1484 τῆς
1033 1441 1143 1485 δόξης
1178 1440 1409 1483 ὀνομάζουσι
1444 1441 1575 1486 μόνον,

153 1505 221 1540 τὸν
250 1505 556 1548 Ἐπαμεινώνδαν
589 1505 789 1549 ἐσχηκέναι
823 1516 859 1540 τι
891 1506 1068 1548 λέγοντες
1101 1505 1246 1548 ἀγαθὸν
1281 1506 1342 1540 καὶ
1379 1508 1496 1540 τοῦτο
1533 1506 1573 1541 δὲ

154 1571 346 1614 μικκόν,
389 1571 535 1606 οὑτωσὶ
568 1573 623 1615 τῷ
663 1570 800 1614 ῥήματι
834 1570 1057 1614 φράζοντες,
1102 1571 1219 1606 αὐτὸν
1255 1570 1296 1605 δὲ
1332 1571 1575 1615 σιδηροῦν

97 1646 132 1670 20
155 1635 440 1679 σπλάγχνον
472 1635 757 1677 ἀποκαλοῦντες
785 1637 844 1669 καὶ
871 1636 1163 1679 πυνθανόμενοι,
1202 1635 1238 1670 τί
1263 1634 1400 1670 παθὼν
1427 1635 1574 1679 ἐβάδιζε

153 1700 213 1735 διὰ
239 1702 308 1744 τῆς
332 1699 635 1743 Πελοποννήσου
663 1699 780 1743 με’σης
811 1701 872 1734 καὶ
900 1701 945 1734 οὐ
973 1700 1133 1735 πιλίδιον
1159 1701 1258 1744 ἔχων
1288 1700 1386 1735 οἴκοι
1416 1702 1573 1742 καθῆτο,

152 1764 297 1809 δηλαδὴ
323 1764 408 1809 περὶ
433 1764 504 1808 τὴν
529 1766 600 1807 τῆς
622 1764 787 1808 γαστρὸς
814 1765 1029 1808 ἐπιμέλειαν
1055 1765 1145 1807 ὅλος
1171 1765 1376 1807 καθεστώς.

272 1932 296 1966 2
327 1933 425 1977 prius
457 1938 687 1977 praeceptum
720 1943 792 1966 non
824 1934 942 1976 potuit
977 1933 1047 1966 nisi
1077 1934 1113 1966 in
1148 1932 1299 1977 epistula
1332 1932 1453 1976 aliqua
1477 1931 1572 1964 dari:

153 1991 301 2024 alterum
327 2001 406 2024 cum
433 2002 475 2024 cx
502 1991 666 2035 epistulis
690 1991 752 2033 (cf.
771 1991 898 2026 srt132
913 1993 984 2036 sq.)
1009 1998 1082 2025 tum
1101 2003 1143 2026 ex
1162 1992 1258 2025 libro
1279 1992 1365 2035 περὶ
1385 1990 1573 2034 βασιλείας

153 2050 212 2093 (cf.
239 2050 281 2084 fr.
301 2049 339 2095 6)
365 2050 449 2083 tolli
473 2050 602 2094 potuit.
632 2051 697 2084 sed
724 2051 770 2084 cf.
796 2051 901 2084 etiam
928 2052 970 2085 fr.
988 2051 1059 2085 57⁷
1102 2050 1118 2095 Η
1159 2053 1180 2085 5
1208 2051 1408 2084 Metrodori
1434 2051 1478 2084 de
1505 2052 1573 2093 Ly·

153 2119 264 2150 curgo
283 2114 318 2143 et
334 2109 471 2142 Solone
491 2110 586 2143 dicta
606 2110 762 2143 seruauit
780 2110 875 2143 Plut.
894 2120 923 2145 c.
938 2110 984 2144 33
1002 2121 1037 2153 p.
1056 2109 1196 2144 1127b-e
1213 2108 1270 2151 (sr.
1286 2117 1388 2143 xvm
1403 2121 1455 2154 sq.
1475 2121 1510 2154 p.
1526 2111 1573 2144 54

152 2166 286 2212 Duen.)
333 2168 338 2210 Ι
385 2168 417 2206 8,
434 2168 616 2211 ἐποίησεν
641 2168 742 2202 libri:
771 2179 859 2203 corr.
884 2168 1062 2202 Reiskius
1104 2169 1120 2213 ss
1164 2170 1207 2202 14
1234 2180 1306 2202 non
1333 2169 1441 2211 igitur
1466 2169 1572 2214 plane

154 2237 277 2261 uerum
303 2232 357 2260 est
381 2227 567 2261 Ciceronis
592 2228 639 2261 de
665 2227 722 2261 fm.
751 2236 777 2261 11
796 2227 915 2266 21‚67
944 2228 1186 2261 testimonium
1211 2227 1266 2261 ‘in
1296 2229 1423 2261 uestris
1451 2228 1573 2272 dispu-

153 2285 350 2320 tationibus
376 2285 526 2319 historia
550 2294 645 2319 muta
670 2292 736 2321 est.
765 2297 955 2330 numquam
984 2287 1106 2320 audiui
1132 2288 1169 2320 in
1186 2286 1335 2331 Epicuri
1362 2287 1486 2320 schola
1503 2288 1571 2331 Ly-

152 2355 300 2387 curgum
316 2344 488 2378 Solonem
507 2339 567 2390 [cs.
586 2346 628 2378 sr.
641 2344 742 2390 5581,
762 2345 966 2379 Miltiadem
984 2346 1265 2380 Themistoclem
1285 2346 1569 2390 Epaminondam

153 2402 212 2449 [fr.
230 2403 318 2448 560]
342 2403 530 2443 nominari,
568 2405 630 2447 qui
657 2404 692 2436 in
722 2415 782 2437 ore
812 2410 894 2437 sunt
920 2411 1119 2438 ceterorum
1150 2405 1308 2438 omnium
1334 2404 1569 2449 philosopho-

153 2461 265 2494 rum‘:
284 2463 440 2495 laudari
456 2462 591 2495 dictum
609 2463 778 2506 oportuit,
800 2473 873 2496 non
891 2466 1095 2502 nominat-53
1123 2464 1242 2496 uerius
1260 2463 1445 2497 Plutarchi
1465 2474 1571 2508 supra

153 2530 188 2553 u.
210 2521 252 2554 17
286 2518 303 2563 ΙΙ
339 2521 382 2554 16
411 2520 522 2552 uerba
547 2521 693 2564 Epicuri
726 2522 850 2555 referri
876 2533 919 2554 eo
947 2528 1081 2555 certum
1108 2527 1161 2555 est
1191 2524 1289 2565 quod
1316 2534 1349 2566 p.
1373 2521 1482 2556 1127‘2
1508 2533 1571 2565 op·

153 2583 333 2621 ponuntur
359 2578 383 2612 ἃ
411 2578 452 2613 δὲ
478 2578 740 2624 Μητρόδωρος
766 2607 774 2614 .
795 2606 831 2614 ..
860 2580 1052 2625 γέγραφεν
1110 2583 1116 2624 1
1179 2581 1221 2615 17
1254 2581 1413 2623 ὀνόμασι
1441 2581 1571 2624 μόνοις

153 2637 222 2672 τὸν
244 2637 344 2670 libri:
370 2648 462 2672 corr.
487 2638 658 2672 Amiotus
