1842 3250
125 528 196 564 247

162 921 197 946 10

163 1242 197 1267 15

158 1886 194 1912 26

713 198 1149 235 FRAGMENTORVM
1568 204 1639 240 349

224 317 326 354 ἐστὶν
354 317 455 360 εἶδος
481 318 540 352 καὶ
572 317 648 352 ἀπὸ
675 320 867 361 κρημνῶν,
903 319 948 352 τὸ
983 319 1022 352 δὲ
1057 319 1115 353 ὅτι
1141 318 1189 353 τὰ
1214 322 1284 354 τοῦ
1311 318 1417 354 λίθου
1444 320 1489 354 οὐ
1516 322 1638 366 σῴζει.

223 383 353 418 Ταῦτα
384 383 451 424 μὲν
486 382 708 426 Ἐπίκουρος
740 383 797 417 ἐπ’
832 383 1032 426 ἀνατροπῇ
1067 386 1148 417 τῶν
1179 387 1247 418 τοῦ
1275 383 1494 426 Πλάτωνος,
1529 385 1551 420 ἃ
1587 387 1640 429 εἰς

229 448 370 492 μέτρον
394 445 430 481 οἱ
455 447 688 491 ἀστειότεροι
714 447 916 489 συνθέντες
941 448 1096 482 ἔπαιζον
1120 448 1189 482 τὸν
1212 446 1445 492 Ἐπίκουρον.

223 536 256 568 p.
278 524 359 568 182,
377 524 425 558 33
452 524 533 558 add.
549 525 791 558 Amsrocmts
812 525 957 557 Eusebii
982 535 1102 568 praep.
1122 535 1175 558 eu.
1196 535 1263 559 xlv
1279 524 1336 569 ΞΟ,
1351 525 1374 560 f)
1398 538 1431 569 p.
1449 525 1532 560 7670
1558 526 1638 561 ἐπεὶ

222 590 255 624 δ’
273 589 328 623 ἔτι
354 590 422 623 νῦν
441 587 512 623 εἰσί
535 598 634 629 τινες
652 587 688 622 οἱ
705 590 832 622 πᾶσαν
857 588 1032 631 αἴσθησιν
1051 590 1110 623 καὶ
1137 592 1263 623 πᾶσαν
1282 589 1496 632 φαντασίαν
1515 590 1638 635 ἀληθῆ

222 654 397 696 λέγοντες
425 653 530 694 εἶναι,
558 653 670 696 μικρὰ
697 654 759 687 καὶ
786 654 870 696 περὶ
888 653 1040 687 τούτων
1066 653 1241 695 εἴπωμεν.
1282 654 1424 689 ἐοίκασι
1442 656 1514 699 γὰρ
1533 656 1639 691 οὗτοί

222 727 265 760 γε
293 717 513 760 δεδοικέναι,
547 717 596 760 μή
625 727 720 752 ποτε
755 717 787 752 εἰ
819 718 972 760 ψευδεῖς
991 752 994 755 Δ
1011 717 1152 753 εἴποιεν
1184 718 1374 761 αἰσθήσεις
1402 719 1498 754 εἷναί
1523 731 1638 762 τινας,

222 783 293 817 οὐκ
319 782 365 817 ἂν
392 785 520 825 σχοῖεν
546 781 591 816 τὸ
616 781 811 826 κριτήριον
830 783 891 816 καὶ
916 782 985 816 τὸν
1005 783 1147 817 κανόνα
1167 783 1316 825 βέβαιον
1334 784 1416 818 οὐδ’
1439 783 1637 827 ἐχέγγυον·

223 848 293 890 οὺχ
319 847 437 891 ὁρῶσι
462 846 505 881 δὲ
531 846 586 889 ὡς
611 847 681 881 οὐκ
707 846 755 881 ἂν
781 847 965 890 φθάνοιεν
991 847 1096 882 οὕτω
1122 858 1164 890 γε
1193 849 1254 882 καὶ
1277 848 1345 890 τὰς
1362 849 1473 891 δόξας
1490 849 1639 892 ἁπάσας

221 909 374 953 ἀληθεῖς
399 907 681 953 ἀποφαίνοντες
705 907 845 953 (πολλὰ
869 910 941 953 γὰρ
969 910 1015 952 δὴ
1043 911 1103 944 καὶ
1130 911 1286 951 ταύταις
1312 911 1536 955 πεφύκαμεν
1562 911 1637 955 κρί-

221 975 329 1018 νειν),
356 974 417 1009 καὶ
444 973 557 1008 οὐδὲν
577 972 693 1016 ἦττον
721 973 888 1009 ἀξιοῦσιν
915 975 1046 1009 αὐτῶν
1071 974 1139 1016 τὰς
1165 975 1233 1016 μὲν
1261 975 1411 1019 ἀληθεῖς
1436 976 1544 1019 εἶναι,
1572 977 1639 1018 τὰς

222 1039 264 1074 δὲ
290 1039 454 1082 ψευδεῖς.
495 1037 625 1072 ἔπειτα
652 1038 693 1072 δὲ
720 1041 878 1073 σκοπῶν
904 1038 977 1073 ἴδοι
1002 1050 1058 1081 τις
1084 1039 1130 1073 ἂν
1156 1040 1245 1074 οὐδὲ
1272 1042 1352 1074 τῶν
1371 1040 1495 1074 ἄλλων
1515 1051 1638 1084 κριτη-

222 1102 315 1147 ρίων
333 1102 390 1137 ἀεὶ
416 1103 476 1137 καὶ
496 1102 557 1136 διὰ
581 1102 726 1144 παντὸς
744 1102 908 1144 ἀψευδές
934 1103 1057 1144 οὐδέν,
1083 1102 1166 1137 οἱον
1186 1104 1284 1144 λέγω
1311 1105 1426 1146 ζυγὸν
1452 1105 1474 1148 ἢ
1502 1105 1639 1149 τόρνον

222 1168 245 1210 ἤ
273 1178 308 1202 τι
334 1170 415 1202 τῶν
440 1167 641 1209 τοιούτων,
668 1166 748 1201 ἀλλ’
769 1168 931 1201 ἕκαστον
959 1168 1080 1202 αὐτῶκ
1109 1168 1178 1202 ὡδὶ
1208 1170 1274 1210 μὲν
1293 1169 1382 1212 ἔχον
1407 1170 1509 1212 ὑγιές
1525 1171 1638 1214 ἐστιν,

223 1231 292 1266 ώδί
319 1231 358 1265 δέ
389 1231 593 1275 μοχθηρόν,
622 1232 683 1265 καὶ
709 1232 863 1265 τουτονὶ
893 1232 960 1273 μὲν
979 1233 1175 1275 χρώμενον
1195 1233 1262 1266 τὸν
1281 1233 1426 1276 τρόπον
1451 1234 1638 1277 ἀληθεύει,

219 1297 374 1331 τουτονὶ
400 1296 441 1331 δέ
468 1295 659 1338 ψεύδεται.
700 1296 761 1330 καὶ
788 1297 861 1338 μὴν
888 1296 980 1338 εἴγε
1005 1299 1109 1330 πᾶσα
1136 1296 1307 1340 αἴσθησις
1326 1298 1470 1340 ἀληθὴς
1488 1299 1547 1342 ἦν,
1568 1300 1638 1334 οὐκ

220 1361 297 1396 ἔδει
322 1363 512 1396 τοσοῦτον
537 1360 731 1404 διαφέρειν
761 1361 896 1403 αὐτάς·
925 1362 1032 1396 ἄλλαι
1058 1363 1131 1406 γάρ
1157 1362 1252 1397 εἰσιν
1280 1363 1437 1405 ἐγγύθεν
1466 1365 1525 1398 καί
1547 1364 1637 1408 πόρ-

220 1427 356 1470 ρωθεν,
383 1426 444 1460 καὶ
469 1425 693 1460 νοσούντων
716 1426 776 1460 καί
804 1426 1045 1469 ἐρρωμένων,
1071 1428 1132 1461 καὶ
1157 1429 1341 1470 τεχνιτῶν
1368 1429 1428 1462 καὶ
1454 1428 1638 1472 ἀτέχνων,

222 1491 283 1525 καὶ
308 1489 507 1535 φρονίμων
533 1490 593 1524 καὶ
618 1489 812 1534 ἀφρόνων.
850 1490 917 1532 τὰς
945 1491 986 1525 δὲ
1013 1492 1060 1533 δὴ
1086 1494 1166 1525 τῶν
1187 1492 1413 1535 μεμηνότων
1441 1493 1637 1528 παντάπα-

222 1563 283 1590 σιν
308 1555 355 1589 ἂν
380 1554 437 1598 εἴη
466 1555 611 1589 ἄτοπον
638 1554 760 1597 λέγειν
790 1554 941 1598 ἀληθεῖς
968 1556 1064 1590 εἶναι
1090 1557 1150 1590 καὶ
1174 1556 1242 1598 τὰς
1269 1559 1349 1592 τῶν
1375 1558 1638 1602 παρορώντων

221 1621 282 1655 καί
307 1620 626 1664 παρακούοντων·
659 1620 792 1663 εὔηθες
816 1620 890 1664 γὰρ
918 1619 964 1655 ἂν
995 1621 1042 1664 ἦν
1067 1621 1112 1656 τὸ
1138 1622 1355 1664 λεγόμενον,
1389 1623 1442 1664 ὡς
1468 1623 1490 1657 ό
1516 1633 1634 1666 παρο-

221 1687 301 1728 ρῶν
326 1685 412 1727 ἠτοι
437 1685 509 1730 ὁρᾷ
534 1685 557 1727 ἢ
585 1685 657 1728 οὺχ
682 1686 771 1730 ὁρᾷ·
803 1684 897 1729 φαίη
924 1685 997 1730 γὰρ
1023 1687 1069 1720 ἄν
1101 1697 1157 1728 τις
1187 1686 1245 1721 ὅτι
1272 1687 1344 1731 ὁρᾷ
1368 1687 1436 1729 μέν
1463 1687 1542 1722 ἀλλ’
1567 1688 1638 1722 οὐκ

220 1748 354 1793 ὀρθῶς.
395 1749 541 1784 ὁπόταν
566 1749 696 1792 μέντοι
720 1753 848 1793 φῶσιν
875 1750 928 1792 ὼς
953 1751 976 1792 ἡ
1005 1751 1073 1792 μὲν
1099 1750 1272 1794 αἴσθησις
1289 1751 1386 1786 οὖσα
1412 1752 1550 1794 ἄλογος
1576 1753 1639 1787 ού-

220 1814 284 1848 δὲν
310 1813 560 1857 προστίθησιν
585 1813 667 1849 οὐδ’
695 1814 860 1858 ἀφαιρεῖ,
886 1814 1090 1857 φαίνονται
1116 1815 1327 1858 τάμποδὼν
1355 1816 1425 1859 οὐχ
1451 1817 1635 1860 ὁρῶντες·

220 1878 281 1913 ἐπὶ
306 1878 378 1922 γὰρ
404 1881 474 1913 τοῦ
503 1879 664 1922 ἐρετμοῦ
691 1880 761 1912 τοῦ
787 1878 827 1912 ἐν
853 1881 909 1923 τῷ
936 1878 1045 1914 ὕδατι
1072 1878 1162 1913 κάπὶ
1187 1882 1268 1914 τῶν
1298 1882 1459 1924 γραφῶν
1486 1882 1546 1916 καὶ
1573 1893 1638 1924 μυ·

219 1942 314 1986 ρίων
339 1943 464 1978 ἄλλων
491 1942 514 1985 ἡ
541 1941 715 1985 αἴσθησίς
740 1942 843 1976 ἐστιν
861 1943 885 1985 ἡ
913 1942 1118 1978 ἀπατῶσα·
1145 1943 1204 1979 διὸ
1225 1944 1285 1978 καί
1303 1945 1526 1988 μεμφόμεθα
1545 1946 1639 1981 πάν-

217 2017 280 2049 τες
315 2007 374 2042 ἐπὶ
404 2009 487 2041 τῶν
519 2007 711 2042 τοιούτων
747 2007 793 2041 οὐ
825 1996 894 2041 τόν
923 2010 1016 2042 νοῦν
1048 2009 1156 2051 ήμῶν
1190 2008 1284 2043 ἀλλὰ
1313 2010 1385 2052 τὴν
1409 2010 1638 2054 φαντασίαν.

218 2071 361 2114 ἐλέγχει
386 2072 458 2116 γὰρ
485 2072 506 2106 ὁ
533 2072 644 2114 λόγος
670 2073 785 2106 αὐτὸ(
804 2072 943 2107 ἑαυτὸν
969 2073 1083 2107 ἀξιῶν
1108 2073 1260 2108 ἅπασαν
1280 2074 1402 2118 ἀληθῆ
1421 2076 1638 2118 φαντασίαν

219 2135 333 2170 εἶναι·
365 2135 436 2178 τὴν
469 2136 541 2180 γὰρ
567 2136 765 2180 ἡμετέραν,
800 2137 846 2170 δι’
879 2135 928 2178 ἢν
953 2137 1023 2171 οὐκ
1050 2137 1207 2179 οἰόμεθα
1233 2140 1360 2174 πᾶσαν
1386 2141 1483 2174 εἶναι
1511 2141 1638 2176 τοιαύ-

218 2210 303 2243 την,
334 2201 460 2243 ψευδῆ
493 2200 646 2242 πάντως
677 2200 891 2244 ἀποφαίνει.
932 2202 1126 2244 συμβαίνει
1156 2202 1288 2237 τοίνυν
1322 2204 1453 2246 αὐτοῖς
1487 2205 1640 2240 ἅπασαν

221 2264 437 2309 φαντασίαν
464 2265 586 2309 ἀληθῆ
613 2267 672 2300 καί
700 2266 826 2308 ψευδῆ
851 2265 974 2308 λέγειν
1001 2267 1111 2301 εἶναι.
1144 2268 1309 2303 καθόλου
1337 2269 1377 2304 δὲ
1403 2270 1639 2313 ἁμαρτάνου-

221 2337 281 2364 σιν
307 2327 498 2372 ἀξιοῦντες
523 2330 638 2365 ὁποῖα
664 2331 710 2365 ἂν
736 2331 825 2373 ἡμῖν
855 2329 1037 2375 φαίνηται
1072 2332 1120 2366 τὰ
1145 2332 1360 2378 πράγματα,
1392 2338 1552 2370 τοιαῦτα
1579 2336 1639 2370 καὶ

219 2393 326 2428 εἶναι.
365 2394 593 2430 τούναντίον
627 2395 699 2439 γὰρ
733 2397 846 2430 ὁποῖα
878 2396 1038 2439 πέφυκε,
1074 2400 1233 2432 τοιαῦτα
1259 2398 1446 2442 φαίνεται,
1480 2400 1542 2434 καὶ
1569 2400 1639 2442 οὐχ

339 2490 362 2526 9
383 2502 436 2535 sq.
461 2497 564 2524 uetus
589 2491 741 2524 Iohanni
767 2492 804 2525 in
840 2500 958 2526 mente
985 2500 1039 2526 est
1065 2494 1164 2527 lusus
1190 2496 1356 2529 Panarcis
1383 2499 1428 2531 cs.
1454 2497 1588 2530 Athen.
1613 2507 1639 2531 x

217 2559 252 2594 p.
273 2548 371 2588 452⁴]
399 2551 466 2584 iam
494 2551 653 2584 Platonis
680 2557 796 2585 aetate
822 2551 884 2595 (cf.
911 2554 962 2585 rei
987 2564 1019 2596 p.
1040 2563 1062 2586 v
1089 2564 1122 2597 p.
1142 2553 1244 2597 4792)
1270 2555 1390 2598 pueris
1418 2557 1639 2600 decantatus,

222 2615 382 2641 seruatus
409 2610 445 2642 in
474 2610 620 2642 scholiis
646 2611 738 2644 Plat.
766 2611 789 2644 1.
818 2622 845 2645 s,
872 2611 887 2655 ΙΙ
912 2611 933 2646 4
960 2613 1215 2656 Epicureorum
1243 2616 1286 2647 de
1315 2615 1477 2648 sensibus
1508 2616 1638 2649 doctri-

221 2676 302 2699 nam
328 2667 373 2699 ab
386 2669 569 2702 Aristocle
594 2671 790 2713 oppugnari
812 2671 877 2703 etsi
897 2671 977 2703 luce
999 2672 1128 2705 clarius
1149 2680 1214 2709 est.
1234 2680 1352 2707 tamen
1368 2674 1546 2706 Eusebius
1566 2685 1638 2708 non

217 2727 409 2771 perspexit,
436 2733 473 2761 ut
499 2728 606 2761 docet
632 2730 684 2762 eis
710 2741 800 2773 quae
828 2730 1010 2772 subiungit
1036 2742 1068 2774 p.
1089 2731 1175 2767 768⁶
