1846 3288
261 285 329 317 LX
817 281 1109 316 PRAEFATIO

261 402 325 440 uel
364 413 415 439 ex
457 401 518 439 his
553 401 724 438 alterum
762 399 904 436 saltem
946 403 1213 448 praeceptum
1247 396 1536 446 Epicureorum
1575 407 1667 434 esse

261 467 468 518 Porphyrii
499 467 622 517 ipsius
657 467 891 505 testimonio
925 467 977 503 de
1010 466 1113 503 abst.
1146 472 1163 504 1
1191 465 1244 503 50
1274 470 1450 503 constat.
1499 475 1604 513 quae
1635 462 1668 499 si

260 542 370 573 recte
403 535 620 584 disputaui,
653 540 815 582 oportet
845 533 982 571 omnia
1013 544 1121 582 quae
1154 532 1195 569 in
1226 531 1430 582 Porphyrii
1463 529 1667 580 opusculo

261 614 293 641 c.
327 603 485 640 27-—31
538 602 727 650 leguntur
768 606 943 649 excepto
983 613 1063 637 uno
1106 612 1138 638 c.
1179 600 1229 638 28
1260 598 1435 648 Epicuro
1476 596 1666 644 adscribi,

259 669 323 707 uel
354 675 399 706 ut
430 669 588 705 cautius
618 668 810 714 iudicem,
842 668 1007 705 fluxisse
1038 672 1208 716 apparet
1234 679 1285 703 ex
1316 665 1595 714 gnomologio,
1628 664 1668 700 in

259 736 372 784 quod
402 748 453 773 ex
485 735 666 784 epistulis
697 740 890 783 quattuor
913 734 1073 771 illorum
1102 741 1240 772 sectae
1264 739 1477 771 auctorum
1499 732 1668 780 eclogae

260 808 450 851 receptae
480 808 597 838 crant
614 798 643 839 ¹.
904 844 907 846 ,

373 868 458 906 Sed
495 879 704 906 occurrere
742 868 959 906 difficultas
1000 869 1164 905 uidetur
1202 881 1285 905 non
1316 868 1477 916 exigua.
1529 868 1669 904 insunt

261 936 367 973 cuim
398 936 437 973 in
473 935 541 972 illo
574 935 663 973 loco
695 948 799 986 quae
829 949 852 973 a
882 935 1142 985 gnomologis
1175 947 1258 972 non
1290 935 1467 985 Epicuro
1500 936 1576 971 sed
1594 934 1669 984 Py-

260 1004 457 1052 thagorae
495 1009 565 1040 aut
609 1003 696 1040 aliis
741 1003 1044 1041 adscribantur:
1092 1003 1236 1041 Ioann.
1268 1003 1382 1041 Stob.
1422 1003 1503 1039 flor.
1539 1008 1584 1041 CI
1619 1004 1668 1040 13

260 1067 578 1119 Πυθαγόρου
607 1068 776 1121 (nomen
810 1076 982 1108 testatur
1014 1071 1137 1107 etiarn
1169 1071 1263 1108 cod.
1293 1064 1668 1118 vindobonensis):

261 1135 430 1187 Σαρκὸς
461 1136 584 1186 φωνὴ
619 1135 671 1185 μὴ
703 1139 866 1186 πεινῆν,
908 1135 962 1186 μὴ
995 1137 1137 1186 διψῆν,
1179 1136 1232 1186 μὴ
1265 1134 1414 1186 ῥιγοῦν
1443 1150 1492 1174 ez:
1525 1136 1668 1186 Porph.

261 1205 282 1243 l.
315 1217 345 1244 S.
377 1206 431 1244 30
457 1218 495 1255 p.
519 1207 612 1252 293,
640 1207 686 1242 14
719 1202 779 1254 (fr.
814 1203 932 1250 200);
979 1205 1090 1242 idem
1131 1204 1214 1241 Ποῖ.
1246 1211 1415 1244 LXXXII
1447 1206 1470 1243 6
1501 1201 1669 1243 Πυθα-

260 1269 439 1320 γόρου;
490 1269 623 1320 Κενὸς
656 1269 1084 1311 ἑκείνου....κακόν
1126 1269 1325 1321 ἐκβάλλοι
1362 1283 1409 1308 ex
1451 1270 1670 1319 Porphyrio

262 1341 310 1378 31
333 1352 371 1388 p.
389 1341 483 1385 294,
505 1340 524 1378 7
544 1336 608 1390 (fr.
629 1339 740 1387 221).
778 1339 851 1376 hos
869 1340 975 1377 duos
1006 1339 1118 1376 locos
1141 1339 1219 1375 iam
1240 1340 1448 1387 Augustus
1467 1337 1671 1376 Nauckius

263 1406 561 1444 obseruauerat
578 1406 774 1456 philologi
807 1413 832 1443 t.
852 1413 902 1446 IX
934 1418 971 1454 p.
997 1408 1087 1444 368.
1134 1406 1296 1443 tertium
1327 1406 1422 1442 mihi
1441 1405 1485 1443 C.
1505 1405 1670 1442 Wachs-

264 1474 441 1512 muthius
480 1474 688 1519 indicauit,
734 1475 847 1511 cuius
886 1474 1021 1511 officio
1062 1474 1184 1511 ctiam
1221 1485 1327 1523 quac
1365 1485 1413 1511 ex
1461 1473 1672 1510 codicibus

262 1541 605 1589 gnomologorum
636 1541 817 1590 proferre
847 1541 942 1578 mihi
974 1541 1084 1578 licuit
1133 1541 1325 1590 pleraque
1355 1542 1510 1579 debeo:
1557 1540 1670 1579 Stob.

263 1616 293 1648 V
326 1610 376 1647 25
421 1606 513 1657 Ζῆν
545 1607 738 1658 κρεῖττόν
778 1607 896 1649 ἐστιν
927 1607 996 1648 ἐπὶ
1025 1605 1234 1658 στιβάδος
1268 1607 1573 1657 κατακείμενον
1605 1606 1673 1647 καὶ

261 1675 437 1725 Θαρρεῑν
473 1674 497 1724 ἢ
534 1674 822 1726 ταράττεσθαι
860 1676 1026 1725 χρυσῆν
1064 1674 1221 1725 ἔχοντα
1259 1674 1405 1725 κλίνην
1444 1689 1492 1713 ex
1525 1676 1671 1726 Porph.

264 1743 314 1780 29
346 1755 385 1793 p.
410 1744 503 1787 293,
525 1746 549 1783 8
581 1742 677 1794 (Ep.
713 1744 755 1780 fr.
786 1744 907 1792 207);
940 1757 1040 1782 sane
1069 1745 1107 1781 iu
1140 1744 1334 1792 exemplis
1366 1744 1486 1781 editis
1516 1744 1596 1780 hoc
1627 1743 1671 1780 fr.

263 1810 428 1847 nomine
459 1811 664 1861 scriptoris
696 1817 820 1855 caret,
854 1813 927 1849 sed
943 1808 1209 1861 Πυθαγόρου
1242 1812 1280 1848 in
1312 1812 1456 1849 codice
1485 1811 1672 1849 Escoria·

262 1877 364 1915 lensi
394 1878 611 1928 praescribi
643 1884 812 1917 testatur
843 1878 1191 1922 Wachsmuthius,
1223 1885 1264 1915 et
1295 1880 1399 1916 inter
1421 1878 1674 1928 Pythagorae

263 1945 491 1982 sententias
519 1945 571 1982 ab
606 1946 827 1996 interprete
846 1947 943 1996 Syro
972 1952 1156 1984 seruatas
1189 1953 1302 1984 extat
1333 1959 1370 1985 n.
1393 1948 1444 1985 27
1477 1944 1674 1995 (Hermae

262 2018 287 2051 t.
309 2019 361 2051 IV
391 2025 428 2062 p.
452 2011 541 2063 89):
573 2011 787 2063 Εὐαγρίου
819 2026 909 2052 esse
945 2015 1128 2052 scribunt
1158 2015 1364 2052 Iohannes
1395 2014 1675 2052 Damascenus

264 2092 292 2121 α
324 2083 374 2121 37
406 2087 432 2121 t.
469 2089 505 2121 11
536 2093 575 2130 p.
601 2083 705 2120 375e
738 2082 803 2120 ed.
836 2081 1020 2130 Lequien
1060 2087 1103 2120 et
1132 2081 1336 2119 Maximus
1374 2094 1405 2120 c.
1441 2083 1486 2119 21
1528 2094 1569 2131 p.
1595 2082 1673 2119 187

264 2149 403 2197 Tigur.
425 2161 461 2197 p.
479 2150 560 2189 599
594 2148 795 2199 Combef„
827 2146 1106 2198 Ἀριστίππου
1129 2148 1361 2198 Georgides
1391 2149 1432 2185 in
1453 2148 1676 2185 Boissona-

265 2217 320 2253 ‹lii
351 2217 508 2256 Anecd.
539 2227 598 2265 gr.
631 2223 657 2254 t.
689 2224 707 2257 I
737 2229 776 2266 p.
801 2219 864 2255 36.
910 2205 1087 2265 denique
1119 2217 1159 2253 in
1191 2216 1374 2265 syllogen
1412 2215 1675 2264 Byzantinam

264 2280 337 2322 Ἐκ
372 2282 460 2323 τῶν
496 2275 751 2332 Ἐπικτήτου
782 2280 1065 2333 Ἰσοκράτους
1109 2280 1386 2332 Δημοκρίτου
1429 2281 1472 2320 C.
1504 2281 1674 2319 Wachs-

386 2422 403 2456 1
442 2420 549 2464 igitur
579 2423 739 2455 accidere
770 2423 895 2466 potuit,
932 2429 969 2455 ut
1002 2433 1070 2454 una
1102 2426 1161 2454 aut
1191 2422 1300 2454 altera
1325 2432 1366 2454 ex
1391 2421 1463 2453 illis
1492 2421 1674 2458 sementia,

265 2481 405 2522 qualem
434 2491 500 2513 non
530 2481 706 2527 Epicurus
733 2482 798 2514 sed
823 2481 1051 2514 Metrodorus
1079 2486 1138 2513 aut
1165 2480 1256 2512 alius
1283 2480 1337 2512 uir
1363 2479 1542 2511 familiaris
1570 2489 1676 2511 enun-

264 2541 399 2582 tiasset,
423 2541 580 2584 Epicuro
607 2552 626 2573 a
653 2552 707 2572 me
736 2541 987 2574 uindicaretur.
1025 2540 1192 2583 quod,ne
1221 2540 1299 2582 quis
1325 2539 1411 2570 uitio
1441 2538 1526 2570 mihi
1554 2542 1676 2576 uertat,

264 2599 458 2631 meminerit
482 2610 573 2642 quae
587 2600 721 2632 Seneca
741 2611 795 2643 ep.
811 2599 867 2638 33,
885 2599 907 2633 4
935 2598 1057 2642 (supra
1081 2610 1116 2642 p.
1136 2605 1183 2631 ΙΝ
1196 2597 1265 2640 sq.)
1294 2602 1450 2630 testatur.
1489 2607 1528 2629 ac
1542 2598 1675 2629 Metro-

266 2657 343 2689 dori
369 2657 546 2700 hodieque
574 2665 668 2690 certa
696 2663 776 2689 sunt
803 2659 1001 2699 fragmenta
1020 2667 1131 2699 paene
1159 2656 1201 2689 ad
1228 2658 1374 2688 uerbum
1401 2666 1477 2688 cum
1491 2655 1675 2698 Epicureis

264 2716 509 2750 consonantia:
550 2717 590 2751 fr.
616 2727 642 2750 x
669 2723 704 2749 et
731 2726 771 2750 ix
798 2718 903 2760 (infra
928 2729 962 2761 p.
982 2716 1064 2754 345,
1083 2715 1121 2761 5)
1148 2728 1224 2749 cum
1251 2718 1317 2759 Ep.
1346 2717 1385 2749 sr.
1413 2716 1468 2755 68,
1496 2725 1563 2749 VH.
1593 2724 1674 2748 vnI.

265 2783 332 2808 xm.
357 2784 428 2808 xm
455 2775 551 2815 (uide
578 2775 658 2809 adn.
685 2787 719 2818 p.
746 2775 827 2813 278,
858 2776 909 2809 10.
940 2775 1001 2819 11)
1031 2787 1108 2808 cum
1134 2777 1200 2818 Ep.
1228 2776 1268 2808 fr.
1300 2774 1379 2813 409,
1407 2783 1474 2808 xv1
1500 2784 1579 2806 cum
1608 2774 1674 2818 Ep.

265 2832 306 2865 fr.
337 2831 420 2870 181:
446 2833 482 2865 in
508 2833 549 2867 fr.
576 2834 646 2868 3:39
676 2834 888 2868 dissentiunt
916 2836 960 2867 de
988 2836 1159 2879 scriptore
1185 2839 1301 2867 testes.
