1842 3250
726 192 793 225 FR
799 191 1164 225 AGMENTORVM
1583 191 1652 226 347

239 307 311 353 γὰρ
345 308 448 350 ὅσοις
470 307 658 352 ,(Πλάτων
684 306 947 351 Ἀριστοτέλης
973 306 1234 352 Θεόφραστος)
1268 308 1483 351 ἐβοήθησαν
1518 307 1653 353 ἀνδρά-

239 380 310 417 σιν,
337 373 381 408 οὐ
408 373 581 417 πυροὺς
607 371 949 414 διαπέμποντες
970 370 1050 406 οὐδ’
1077 371 1286 416 ἀλφίτων
1312 372 1571 415 μεδίμνους,
1600 374 1652 415 ὡς

237 435 454 481 Ἐπίκουρος
480 436 593 479 ἐνίοις
618 437 797 480 ἔπεμψεν,
834 436 928 471 ἀλλὰ
956 436 1171 480 φεύγοντας
1203 437 1494 481 διαπραξάμενοι
1521 439 1650 472 κατελ-

237 503 318 536 θεῖν
342 502 402 536 καὶ
422 500 647 545 δεδεμένους
663 502 821 544 λυθῆναι
840 501 900 535 καὶ
918 499 1032 535 τέκνα
1053 500 1157 545 (καὶ)
1177 505 1359 544 γυναῖκας
1377 501 1652 547 ἐστερημένους

197 574 214 600 ⁵
239 564 456 610 ἀπολαβεῖν,
481 565 518 601 τί
543 566 588 600 ἂν
614 565 716 607 λέγοι
741 576 796 607 τις
822 565 908 608 ὑμῖν
934 564 1098 609 ἀκριβῶς
1120 564 1279 606 εἰδόσιν;

143 651 214 686 200
239 650 495 686 PLVTARcm‘s
520 653 600 686 adu.
626 652 778 685 Coloten
804 651 851 686 30
876 663 910 695 p.
931 650 1042 687 1125b
1081 653 1141 687 καί
1166 655 1289 687 ταῦτα
1313 652 1361 687 τὰ
1389 652 1492 696 πάθη
1519 653 1580 687 καί
1605 652 1653 687 τὰ

237 716 410 760 δόγματα
441 717 567 759 λόγων
600 717 659 751 καὶ
690 716 922 761 γραμμάτων
956 716 1095 761 ἀπορίᾳ
1127 716 1175 751 τὰ
1206 715 1317 760 θηρία
1350 716 1559 761 βρυχήμασι
1591 717 1652 751 καὶ

236 785 497 825 χρεμετισμοῖς
523 783 582 816 καὶ
614 780 827 826 <μυκήμασι
861 779 1003 824 δηλοῑ>,
1038 782 1099 815 καὶ
1132 783 1236 815 πᾶσα
1271 781 1410 825 φωνὴ
1437 781 1651 825 γαστρός

238 845 362 881 ἑστιν
388 845 519 886 αὐτοῖς
545 846 616 880 καὶ
642 845 810 890 σαρκὸς
829 845 974 888 ἡδονὴν
997 844 1241 891 ἀσπαζομένη
1267 846 1328 880 καί
1355 845 1540 881 σαίνουσα
1560 856 1650 896 παρ-

176 918 211 944 10
237 913 356 945 οῡσαν
382 910 405 953 ἢ
433 910 654 952 μέλλουσαν.

237 975 280 1010 cf.
306 973 522 1009 chmmvs
547 985 578 1009 11
606 974 650 1009 17

457 1039 507 1072 nil
536 1039 630 1072 aliud
656 1039 727 1071 sibi
757 1043 948 1072 naturam
973 1038 1148 1071 latrare
1174 1039 1244 1072 nisi'
1265 1044 1312 1078 ut,
1340 1039 1395 1072 cui

436 1114 585 1147 corpore
610 1104 790 1136 seiunctus
816 1103 920 1146 dolor
949 1103 1053 1145 absit,
1079 1102 1200 1135 menti‘
1228 1103 1363 1136 fruatur

435 1168 591 1200 iucundo
616 1178 735 1205 sensu,
764 1178 846 1200 cura
872 1168 1021 1200 semotu’
1047 1167 1235 1210 metuque?

181 1242 214 1267 15
440 1242 526 1274 ergo
553 1242 757 1276 corpoream
784 1233 828 1265 ad
855 1238 1012 1265 naturam
1037 1243 1148 1276 pauca
1173 1232 1336 1273 uidemus

433 1306 512 1329 esse
538 1307 628 1340 opus
655 1296 808 1335 omnino,
835 1307 925 1340 quae
953 1297 1096 1329 demant
1119 1307 1268 1340 cumque
1296 1296 1481 1341 dolorem'.

232 1358 384 1394 SENECA
410 1361 512 1404 epist.
533 1367 625 1394 cxlx
648 1360 667 1395 7
691 1360 774 1393 “At
799 1371 921 1404 parum
948 1361 1068 1399 habet,
1095 1361 1156 1403 qui
1185 1365 1317 1393 tantum
1344 1371 1415 1393 non
1443 1360 1550 1402 alget,
1577 1370 1648 1392 non

232 1424 349 1468 esurit,
386 1435 457 1457 non
487 1424 600 1459 sitit”.
647 1425 732 1458 Plus
760 1426 919 1469 Iuppiter
952 1436 1023 1458 non
1056 1425 1173 1458 habet.
1219 1435 1410 1469 numquam
1444 1434 1562 1467 parum
1594 1430 1647 1456 est

234 1488 330 1531 quod
357 1489 442 1521 satis
469 1495 534 1528 est,
563 1496 598 1522 et
623 1500 811 1533 numquam
843 1489 993 1522 multum
1020 1494 1084 1529 est,
1114 1490 1212 1533 quod
1240 1489 1324 1522 satis
1354 1500 1424 1522 non
1450 1484 1532 1522 cst'.

173 1564 208 1588 20
233 1551 442 1586 Ivvmmms
468 1559 528 1587 sat.
556 1563 624 1588 x1v
649 1553 720 1588 318
746 1555 867 1598 (supra
894 1565 928 1598 p.
945 1553 1026 1595 302,
1046 1553 1096 1598 3).

139 1641 208 1676 2οῗ
235 1650 270 1683 p.
290 1639 370 1683 163,
388 1641 410 1674 b*
432 1641 476 1675 cs.
502 1642 688 1674 Lucretius
714 1651 742 1675 11
769 1641 815 1677 35
830 1653 883 1685 sq.

135 1727 206 1763 210
231 1727 330 1761 adm:
359 1727 413 1761 Cf.
441 1728 572 1761 dictum
598 1729 748 1761 Zenonis
772 1729 808 1762 in
826 1729 993 1762 Iohannis
1012 1730 1113 1764 Stob.
1134 1729 1198 1763 ecl.
1220 1730 1291 1762 eth.
1309 1729 1367 1774 31,
1382 1729 1427 1764 81
1455 1740 1488 1773 p.
1505 1727 1588 1771 215,
1604 1728 1648 1763 13

233 1791 417 1826 Wachsm.

134 1878 203 1914 ‘211
231 1883 331 1918 adm:
359 1884 403 1917 cf.
423 1884 553 1917 dietum
569 1884 754 1918 Cleanthis
770 1885 807 1918 in
824 1886 994 1919 Iohannis
1013 1886 1112 1921 Stob,
1132 1886 1199 1919 ecl.
1220 1886 1289 1920 eth.
1306 1886 1364 1930 31,
1380 1887 1425 1920 ‹it-3
1444 1898 1478 1930 p.
1494 1886 1575 1931 212,
1595 1887 1647 1924 19.

134 1970 204 2006 217
230 1983 264 2016 p.
291 1972 369 2011 167,
397 1972 428 2006 1.
453 1971 476 2006 4
502 1973 599 2006 adm:
634 1971 830 2006 merlvs
852 1973 968 2010 Dloo.
994 1984 1020 2008 x
1046 1973 1092 2008 23
1125 1974 1186 2009 καὶ
1219 1974 1333 2016 αὐτὸς
1357 1974 1573 2018 Ἐπίκουρος
1607 1974 1648 2008 ἐν

169 2046 204 2071 26
230 2037 312 2076 ταῖς
335 2036 624 2079 προειρημέναις
651 2036 846 2080 διαθήκαις
879 2038 931 2080 ὡς
963 2038 1306 2081 προαποθανόντος
1332 2039 1451 2073 αὐτοῦ
1478 2038 1647 2082 (Μητρο-

231 2099 375 2145 δώρου)
392 2101 568 2143 δηλονότι
587 2101 809 2144 ἐπισκήπτει
828 2103 912 2146 περί
933 2106 1002 2145 τῆς
1021 2102 1231 2145 ἐπιμελείας
1250 2103 1369 2138 αὐτοῦ
1387 2106 1468 2138 τῶν
1486 2103 1645 2139 παίδων.

120 2186 205 2221 222·
232 2197 266 2230 p.
287 2187 367 2231 169,
385 2187 432 2222 23
458 2189 502 2222 cf.
534 2189 656 2223 Celsus
676 2190 858 2232 origenis
891 2201 919 2224 c.
946 2191 1041 2224 Cels.
1067 2200 1081 2224 1
1108 2193 1130 2223 ὅ
1155 2201 1190 2235 p.
1216 2191 1239 2225 8
1273 2192 1450 2225 noes-cn:
1491 2192 1568 2227 ικαὶ
1601 2191 1646 2226 οὐ

229 2254 346 2286 τοῦτο
372 2252 483 2294 λέγω,
512 2253 564 2295 ὡς
589 2254 660 2298 χρὴ
693 2255 761 2288 τὸν
790 2254 936 2297 ἀγαθοῦ
969 2255 1157 2297 δόγματος
1190 2256 1470 2299 περιεχόμενον,
1504 2255 1536 2290 εἰ
1563 2257 1645 2299 μέλ-

166 2323 203 2349 30
227 2317 282 2351 λει
308 2316 354 2351 δι’
382 2317 476 2352 αὐτὸ
510 2319 741 2354 κινδυνεύειν
776 2320 864 2363 παρ’
892 2319 1120 2364 ἀνθρώποις,
1153 2320 1366 2364 ἀποστῆναι
1402 2323 1470 2356 τοῦ
1506 2322 1644 2363 δόγμα-

229 2392 295 2426 τος
320 2382 343 2425 ἢ
371 2382 586 2418 πλάσασθαι
617 2385 669 2425 ὡς
695 2383 913 2428 ἀφέστηκεν
937 2384 959 2426 ἢ
988 2385 1144 2429 ἔξαρνον
1170 2385 1372 2428 γενέσθαι’,

133 2469 204 2504 ‘225
229 2470 309 2505 adn.
324 2481 357 2513 p.
378 2470 457 2509 170,
479 2471 520 2505 11
551 2471 632 2506 add.
651 2472 789 2506 Plinius
817 2472 917 2517 epist.
938 2482 952 2506 1
974 2473 1028 2512 10,
1048 2473 1071 2506 4
1097 2471 1155 2506 ‘ut
1182 2474 1272 2506 enim
1301 2475 1344 2506 de
1371 2474 1507 2517 pictore
1534 2474 1645 2517 scalp-

227 2538 303 2567 tore
330 2534 452 2568 fictore
478 2536 545 2568 nisi
571 2536 695 2570 artifex
720 2537 886 2577 iudicare,
913 2537 961 2570 ita
987 2537 1057 2570 nisi
1084 2538 1224 2582 sapiens
1251 2549 1322 2571 non
1357 2543 1476 2582 potest
1507 2539 1643 2582 perspi-

229 2608 308 2631 cere
336 2596 565 2643 sapientem’.

348 2724 371 2758 8
396 2725 678 2768 supplementum
706 2725 849 2759 Reiskii
875 2725 958 2759 dedi
980 2728 987 2770 Ι
1010 2726 1031 2761 ί)
1059 2726 1323 2772 ἀσπαζομένης
1349 2728 1433 2763 libri
