1846 3288
607 208 853 242 EPISTVLA
880 208 1071 242 TERTIA
1500 209 1545 243 63

40 333 107 367 129
132 322 316 374 λέγομεν
359 322 467 365 εἶναι
511 325 590 366 τοῦ
635 323 854 376 μακαρίως
896 328 981 376 ζῆν.
1042 325 1203 376 ταύτην
1248 325 1331 377 γὰρ
1379 325 1546 375 ἀγαθὸν

130 399 306 447 πρῶτον
337 396 405 438 καὶ
436 398 693 446 συγγενικὸν
729 397 933 449 ἔγνωμεν,
981 400 1050 440 καὶ
1082 398 1167 440 ἀπὸ
1198 399 1358 449 ταύτης
1390 411 1544 449 καταρ-

131 469 294 520 χόμεθα
323 468 469 520 πάσης
501 468 713 521 αἱρέσεως
744 471 812 511 καὶ
844 473 987 522 φυγῆς
1018 472 1086 513 καὶ
1109 472 1176 513 ἐπὶ
1197 471 1359 522 ταύτην
1390 485 1544 513 καταν-

129 544 271 593 τῶμεν
310 541 370 592 ὡς
406 542 555 583 κανόνι
596 546 657 597 τῷ
694 542 820 584 πάθει
857 546 944 585 πᾶν
982 544 1147 593 ἀγαθὸν
1179 545 1409 596 κρίνοντες.
1472 544 1546 585 Καὶ

91 627 107 652 5
130 614 223 656 ἐπεὶ
259 617 434 666 πρῶτον
466 613 631 663 ἀγαθὸν
662 617 793 657 τοῦτο
825 616 893 656 καὶ
925 617 1167 668 σύμφυτον,
1214 617 1283 659 διὰ
1312 619 1444 659 τοῦτο
1476 618 1545 658 καὶ

59 689 63 693 ’
129 687 181 728 οὐ
211 689 358 728 πᾶσαν
389 687 553 738 ἡδονὴν
584 686 832 739 αἱρούμεθα,
865 687 957 730 ἀλλ’
992 689 1110 731 ἔστιν
1143 689 1215 732 ὅτε
1246 690 1413 741 πολλὰς
1443 690 1544 740 ἡδο-

129 760 208 810 νὰς
238 759 565 811 ὑπερβαίνομεν,
597 759 703 801 ὅταν
734 762 884 802 πλεῖον
916 761 1013 811 ἡμῖν
1044 762 1094 804 τὸ
1127 764 1338 819 δυσχερὲς
1369 764 1416 805 ἐκ
1446 762 1543 804 τού-

128 845 216 873 των
263 832 435 882 ἕπηται·
495 833 563 874 καὶ
602 833 769 884 πολλὰς
809 832 1057 885 ἀλγηδόνας
1103 834 1277 885 ἡδονῶν
1323 835 1544 886 κρείττους

128 904 369 956 νομίζομεν,
415 905 591 947 ἐπειδὰν
632 906 786 956 μείζων
825 905 923 957 ἡμῖν
959 906 1095 957 ἡδονὴ
1126 910 1436 963 παρακολουθῇ
1467 922 1543 950 πο-

74 992 106 1018 ιο
129 977 207 1019 λὺν
237 977 399 1028 χρόνον
429 977 686 1029 ὑπομείνασι
716 978 795 1029 τὰς
827 977 1085 1030 ἀλγηδόνας.
1131 978 1265 1022 Πᾶσα
1296 980 1376 1023 οὖν
1407 980 1541 1033 ἡδονὴ

127 1050 197 1091 διὰ
227 1051 278 1091 τὸ
309 1050 444 1101 φύσιν
476 1050 590 1102 ἔχειν
622 1049 783 1093 οἰκείαν
816 1049 993 1103 ἀγαθόν,
1040 1053 1091 1094 οὐ
1123 1054 1244 1095 πᾶσα
1276 1053 1422 1104 μέντοι
1450 1052 1545 1105 <γ’>

127 1121 293 1175 αἱρετή·
343 1123 453 1165 καθά
483 1137 564 1175 περ
595 1124 664 1166 καὶ
696 1123 898 1174 ἀλγηδὼν
928 1126 1051 1166 πᾶσα
1082 1125 1227 1176 κακόν,
1260 1126 1311 1167 οὐ
1342 1127 1464 1168 πᾶσα
1494 1127 1542 1168 δὲ

33 1201 102 1236 130
126 1194 194 1237 ἀεὶ
225 1196 389 1247 φευκτὴ
421 1198 649 1247 πεφυκυῖα.
693 1200 743 1251 τῇ
776 1197 922 1247 μέντοι
954 1197 1246 1249 συμμετρήσει
1274 1199 1344 1240 καὶ
1376 1208 1542 1250 συμφε·

126 1267 294 1318 ρόντων
326 1269 396 1311 καὶ
426 1269 701 1321 ἀσυμφόρων
733 1269 884 1322 βλέψει
913 1272 1051 1312 ταῦτα
1080 1270 1223 1312 πάντα
1253 1271 1412 1323 κρίνειν
1443 1275 1542 1313 καθ-

73 1352 103 1378 ι-ἰ
124 1341 227 1392 ήκει.
287 1342 489 1394 χρώμεθα
526 1343 608 1395 γὰρ
646 1346 707 1398 τῷ
747 1344 824 1393 μὲν
862 1342 1012 1398 ἀγαθῷ
1051 1343 1159 1385 κατά
1195 1357 1316 1394 τινας
1354 1344 1542 1395 χρόνους

127 1412 188 1465 ὡς
215 1417 344 1469 κακῷ,
374 1416 436 1469 τῷ
468 1415 515 1456 δὲ
547 1417 664 1469 κακῷ
694 1413 908 1465 τᾶμπαλιν
939 1414 1001 1465 ὡς
1032 1413 1193 1470 ἀγαθῷ.
1246 1415 1321 1457 Καὶ
1342 1415 1420 1465 τὴν
1442 1415 1540 1457 αὐτ-

127 1485 302 1538 άρκειαν
334 1488 382 1529 δὲ
414 1486 580 1536 ἀγαθὸν
610 1487 720 1538 μέγα
756 1488 997 1538 νομίζομεν,
1043 1487 1122 1539 οὐχ
1151 1487 1223 1529 ἵνα
1243 1487 1420 1539 πάντως
1450 1490 1541 1540 τοῖς

126 1559 288 1610 ὀλίγοις
328 1559 541 1610 χρώμεθα,
592 1559 684 1601 ἀλλ’
719 1559 840 1610 ὅπως
882 1560 958 1601 ἐὰν
995 1560 1048 1610 μὴ
1087 1559 1255 1611 ἔχωμεν
1293 1561 1346 1602 τὰ
1385 1561 1539 1613 πολλά,

124 1634 216 1684 τοῖς
253 1631 416 1682 ὀλίγοις
457 1631 698 1684 ἀρκώμεθα,
746 1633 1026 1682 πεπεισμένοι
1065 1634 1257 1684 γνησίως
1288 1632 1352 1674 ὅτι
1384 1633 1540 1684 ἥδιστα

68 1719 101 1744 20
125 1705 407 1756 πολυτελείας
439 1705 740 1747 ἀπολαύουσιν
772 1704 812 1748 οἱ
841 1706 995 1756 ἥκιστα
1028 1706 1187 1757 ταύτης
1217 1706 1428 1757 δεόμενοι,
1471 1707 1541 1748 καὶ

126 1777 191 1820 ὅτι
228 1779 279 1820 τὸ
318 1779 394 1829 μὲν
433 1779 621 1830 φυσικὸν
658 1780 744 1820 πᾶν
782 1778 1045 1830 εὐπόριστόν
1082 1779 1185 1830 ἐστι,
1232 1780 1282 1820 τὸ
1323 1781 1369 1821 δὲ
1410 1780 1538 1821 κενὸν

125 1851 432 1902 δυσπόριστον.
486 1850 534 1893 «οἱ
564 1852 646 1903 γὰρ
686 1852 792 1893 λιτοὶ
829 1853 952 1902 χυλοὶ
991 1851 1090 1902 ἴσην
1130 1854 1360 1894 πολυτελεῖ
1401 1852 1536 1907 διαίτῃ

124 1925 202 1975 τὴν
240 1923 394 1974 ἀηδίαν
426 1924 728 1977 ἐπιφέρουσιν,
775 1924 881 1966 ὅταν
921 1924 1037 1966 ἅπαν
1071 1925 1121 1966 τὸ
1154 1924 1316 1975 ἀλγοῦν
1349 1925 1438 1967 κατ’
1472 1925 1537 1967 ἕν-

245 2094 265 2126 5
293 2092 384 2135 ἐπεὶ]
410 2103 456 2135 γρ
478 2091 542 2127 ’ἐπὶ
568 2103 626 2134 mg
650 2093 697 2125 P‘-'
745 2092 761 2136 Η
807 2093 827 2127 6
855 2093 900 2127 οὐ
929 2105 984 2125 om
1011 2094 1122 2136 FP¹Q
1162 2094 1167 2136 Ι
1206 2093 1444 2138 [αἱ]ροιίμεθα
1473 2097 1501 2126 Β
1527 2092 1538 2139 ζξ

126 2153 145 2184 7
171 2151 455 2195 ὑπερβαίνωμεν
475 2153 504 2183 Β
540 2151 555 2195 n
593 2152 615 2185 8
642 2151 814 2195 κρείττου
833 2153 880 2184 F¹
915 2152 931 2196 ΙΙ
964 2153 985 2186 9
1013 2155 1138 2194 μεῖζον
1165 2154 1194 2184 F
1216 2156 1221 2195 Ι
1244 2154 1330 2195 ἡμῖν
1358 2165 1413 2185 om
1442 2155 1506 2186 Εἰ·
1535 2152 1540 2198 1

123 2211 400 2252 παρακολουθεῖ
426 2210 456 2242 F
507 2210 522 2254 Η
580 2213 619 2243 11
649 2211 776 2252 μέντοι
803 2211 851 2255 γ’]
880 2211 1008 2253 μέντοι
1034 2212 1118 2244 iibri
1171 2211 1186 2255 η
1240 2212 1282 2245 12
1309 2212 1424 2255 ἀρετή
1453 2213 1498 2245 Βι
1534 2213 1539 2258 l

123 2268 219 2310 κακή
246 2269 294 2300 Fs
332 2269 346 2311 ss
392 2269 433 2302 13
459 2268 516 2303 ἀεὶ
541 2274 622 2312 post
648 2270 795 2311 φευκτὴ
823 2271 882 2303 dat
908 2270 937 2302 F
967 2270 971 2312 Ι
1000 2280 1046 2313 γρ
1072 2271 1255 2313 φευκτικὴ
1282 2282 1341 2313 mg
1364 2272 1411 2304 122
1438 2274 1443 2314 Ι
1472 2283 1535 2307 πε·

123 2330 266 2369 φηκυῑα
292 2329 328 2359 H
356 2339 411 2359 om
439 2328 469 2359 F
521 2326 536 2370 Η
593 2329 636 2361 14
665 2340 706 2361 an
735 2329 948 2371 ἐπιβλέψει.>
998 2328 1014 2374 Η
1071 2331 1113 2363 15
1139 2330 1183 2364 τὸ
1210 2330 1276 2371 μὲν
1302 2330 1445 2371 ἀγαθὸν
1471 2331 1501 2362 F
1521 2330 1535 2373 ss

126 2386 169 2418 16
196 2385 250 2420 ὅτ’
270 2386 315 2419 ᾶν
334 2386 445 2420 πάλιν
464 2387 510 2418 Β;
536 2388 747 2428 τοῦμπαλιν
765 2389 885 2431 HP²Q
911 2388 956 2422 τὸ
974 2389 1131 2430 ἔμπαλιν
1150 2389 1199 2421 Ff
1227 2388 1243 2432 Η
1279 2390 1321 2422 17
1343 2390 1382 2424 δὲ
1405 2389 1535 2430 ἀγαθῶ

125 2446 154 2476 F
175 2446 179 2486 Ι
203 2445 355 2486 πάντως
380 2456 437 2477 om
462 2446 492 2477 F
532 2446 547 2489 Η
594 2447 636 2480 18
663 2447 797 2488 ἔχομεν
823 2449 853 2479 F
893 2448 908 2490 11
948 2448 987 2480 19
1015 2447 1215 2490 ἀρκώμεθα
1235 2448 1411 2481 Cobetus:
1440 2449 1534 2491 χρώ-

124 2506 217 2544 μεθα
243 2504 327 2536 libri
366 2504 371 2545 Ι
409 2507 630 2547 πεπισμένοι
657 2507 686 2538 Β
740 2506 755 2548 ΙΙ
809 2506 851 2539 21
882 2506 1091 2549 ἀπόριστον
1116 2507 1187 2549 HQ
1211 2508 1277 2539 sed
1307 2508 1534 2550 εὐπόριστον

122 2572 181 2602 mg
204 2563 240 2593 H
270 2563 274 2604 Ι
306 2564 435 2596 καινὸν
461 2565 563 2606 HPQ
606 2565 621 2608 {l
663 2564 708 2597 22
733 2564 817 2609 γὰρ]
842 2576 882 2599 τε
910 2566 993 2598 libri
1033 2566 1037 2607 Ι
1076 2565 1162 2608 ἴσην
1188 2566 1257 2598 hoc
1282 2566 1363 2598 loco
1389 2572 1536 2610 propter

123 2620 257 2652 hiatum
285 2622 368 2653 ferri
394 2624 528 2665 nequit,
553 2624 777 2657 conlocatum
797 2624 954 2666 oportuit
980 2629 1061 2667 post
1088 2625 1132 2658 23
1152 2623 1287 2667 ἀηδίαν
1309 2623 1315 2667 2
1338 2627 1535 2660 πολυτελεῖ

123 2679 232 2720 H²Qf
251 2681 481 2723 πολυτέλ(ει)
507 2682 553 2716 F:
586 2683 832 2718 πολυτέλειαν
859 2683 941 2715 BH¹
968 2683 1216 2718 πολυτελείαν
1241 2695 1281 2717 ex
1309 2683 1534 2719 πολυτελίαν

123 2747 202 2770 corr
227 2738 275 2770 1³⁴2
309 2739 324 2784 ΙΙ
359 2740 402 2773 23
430 2739 582 2786 ἀηδίαν]
607 2742 751 2785 ἡδονὴν
777 2742 863 2775 libri
885 2744 890 2786 1
913 2743 1182 2787 περιφέρουσιν
1208 2743 1280 2785 ΡΗ
1303 2741 1477 2790 ἀ[λγ]οῡν
1503 2744 1534 2777 Β
