1846 3288
133 1004 164 1027 10

95 1137 163 1170 126

134 1365 165 1390 15

662 214 904 247 EPISTVLA
928 214 1122 246 TERTIA
1555 215 1598 249 61

184 329 267 380 γάρ
305 328 426 370 ἐστιν
457 328 504 370 ἐν
536 333 596 384 τῷ
629 331 704 379 Ζῆν
736 330 890 370 δεινὸν
918 333 978 384 τῷ
1011 328 1287 380 κατειληφότι
1328 330 1520 381 γνησίως
1552 331 1601 372 τὸ

187 403 319 452 μηδὲν
357 402 565 453 ὑπάρχειν
603 402 649 443 ἐν
687 406 748 454 τῷ
788 403 840 452 μὴ
882 404 958 451 ζῆν
996 402 1150 443 δεινόν.
1212 402 1326 443 ὥστε
1365 402 1545 453 μάταιος
1577 403 1601 444 ὁ

187 474 327 523 λέγων
359 474 546 515 δεδιέναι
578 475 654 515 τὸν
685 473 876 515 θάνατον
908 474 988 524 οὐχ
1011 473 1075 514 ὅτι
1098 474 1280 524 λυπήσει
1310 475 1475 526 παρών,
1508 474 1600 517 ἀλλ’

187 546 252 588 ὅτι
284 549 407 588 λυπεῖ
437 547 618 597 μέλλων.
679 546 704 587 ὃ
735 547 817 597 γὰρ
847 547 988 597 παρὸν
1021 547 1099 588 οὐκ
1131 547 1310 597 ἐνοχλεῖ,
1347 548 1601 598 προσδοκώ-

187 633 319 670 μενον
358 622 495 671 κενῶς
536 622 668 661 λυπεῖ.
730 620 779 660 τὸ
817 621 1175 670 φρικωδέστατον
1216 619 1296 661 οὖν
1331 622 1420 661 τῶν
1458 624 1602 663 κακῶν

187 693 211 734 ὁ
243 693 434 743 θάνατος
466 693 595 734 οὐθὲν
632 693 743 744 πρὸς
774 693 897 743 ἡμᾶς,
945 694 1089 743 ἐπειδή
1125 707 1205 744 περ
1238 693 1343 735 ὅταν
1376 694 1452 743 μὲν
1482 693 1602 744 ἡμεῖς

187 765 314 816 ὦμεν,
351 765 376 807 ὁ
412 766 602 816 θάνατος
634 766 686 807 οὐ
718 766 944 816 πάρεστιν·
992 767 1097 807 ὅταν
1129 766 1164 808 δ’
1200 767 1223 808 ὁ
1255 767 1445 817 θάνατος
1476 771 1603 821 παρῇ,

186 837 276 880 τόθ’
309 838 430 889 ἡμεῖς
462 839 541 879 οὐκ
572 839 715 889 ἐσμέν.
767 838 867 880 οὔτε
901 838 979 880 οὖν
1011 840 1120 890 πρὸς
1152 840 1255 890 τοὺς
1288 841 1454 891 ζῶντας
1486 840 1605 881 ἐστὶν

187 910 289 953 οὔτε
320 912 431 962 πρὸς
459 913 564 962 τοὺς
595 911 975 962 τετελευτηκότας,
1008 899 1160 962 ἐπειδή.
1186 927 1267 964 περ
1297 913 1394 963 περὶ
1423 912 1501 962 οὓς
1528 913 1605 962 μὲν

188 983 267 1025 οὐκ
298 983 428 1032 ἔστιν,
468 984 509 1025 οἳ
540 983 576 1026 δ’
610 983 753 1025 οὐκέτι
785 984 904 1025 εἰσίν.
966 984 1075 1026 Ἀλλ’
1111 985 1149 1026 0‘1
1181 985 1336 1027 πολλοὶ
1366 985 1443 1026 τὸν
1475 984 1604 1026 θάνα-

187 1070 265 1099 τον
296 1056 370 1098 ὁτὲ
403 1058 480 1107 μὲν
519 1057 580 1107 ὡς
613 1057 817 1106 μέγιστον
847 1059 936 1098 τῶν
967 1059 1112 1098 κακῶν
1150 1058 1404 1108 φεύγουσιν,
1451 1057 1524 1098 ὁτὲ
1558 1058 1605 1098 δὲ

188 1130 250 1180 ὡς
290 1129 538 1171 ἀνάπαυσιν
575 1131 664 1171 τῶν
701 1130 748 1171 ἐν
787 1133 847 1184 τῷ
888 1132 963 1179 ζῆν
1004 1133 1175 1184 ςκακιῖιν
1209 1131 1441 1181 αἱροῦνται.
1502 1130 1525 1170 ὁ
1558 1131 1604 1171 δὲ

189 1203 335 1254 σοφὸς
357 1202 458 1244 οὔτε
486 1204 753 1254 παραιτεῖται
774 1203 824 1243 τὸ
849 1201 952 1255 ζῆνῗ)
983 1204 1084 1244 οὔτε
1117 1206 1316 1254 φοβεῖται
1347 1203 1396 1245 τὸ
1430 1204 1482 1252 μὴ
1511 1205 1605 1252 ζῆν·

189 1275 289 1317 οὔτε
321 1276 404 1327 γὰρ
436 1275 553 1329 αὐτῷ
587 1275 875 1326 προσίσταται
907 1277 956 1316 τὸ
990 1278 1064 1325 Ζῆν
1097 1275 1197 1317 οὔτε
1227 1275 1452 1318 δοξάζεται
1473 1276 1606 1317 κακὸν

190 1347 297 1390 εἶναί
327 1362 367 1389 τι
397 1349 447 1389 τὸ
480 1348 533 1398 μὴ
568 1351 654 1398 ζῆν.
716 1348 865 1399 ὥσπερ
898 1350 944 1389 δὲ
977 1349 1115 1390 σιτίον
1148 1349 1199 1390 οὐ
1231 1349 1281 1390 τὸ
1313 1351 1464 1390 πλεῖον
1501 1348 1604 1389 πάν-

188 1434 276 1472 τως
306 1420 418 1462 ἀλλὰ
448 1420 499 1461 τὸ
532 1420 654 1469 ἥδιον
686 1420 876 1471 αἱρεῖται,
909 1421 1025 1462 οὕτω
1057 1422 1125 1462 καὶ
1158 1421 1318 1471 χρόνον
1350 1421 1401 1462 οὐ
1433 1422 1509 1462 τὸν
1533 1421 1605 1471 μή-

189 1503 339 1536 κιστον
371 1492 482 1535 ἀλλὰ
513 1493 590 1535 τὸν
620 1493 801 1543 ἥδιστον
832 1494 1088 1544 καρπίζεται.
1135 1493 1181 1535 Ὁ
1214 1495 1261 1535 δὲ
1292 1496 1607 1545 παραγγέλλων

189 1569 267 1609 τὸν
306 1568 382 1618 μἐν
420 1567 522 1608 νέον
560 1568 704 1617 καλῶς
743 1569 829 1616 ζῆν.
875 1567 952 1608 τὸν
992 1568 1039 1608 δὲ
1071 1568 1256 1617 γέροντα
1295 1570 1439 1618 καλῶς
1481 1581 1606 1609 κατα-

190 1640 398 1691 στρέφειν
435 1639 594 1690 εὐήθης
626 1639 745 1680 ἑστὶν
777 1639 828 1681 οὐ
861 1639 996 1689 μόνον
1034 1640 1101 1680 διὰ
1133 1640 1183 1680 τὸ
1215 1642 1290 1690 τῆς
1323 1642 1436 1691 ζωῆς
1468 1639 1606 1681 ἀσπα·

191 1711 312 1763 στόν,
357 1711 468 1753 ἀλλὰ
498 1712 568 1753 καὶ
599 1712 668 1753 διὰ
699 1713 750 1752 τὸ
781 1713 858 1762 τὴν
891 1712 1025 1762 αὐτὴν
1064 1711 1170 1754 εἶναι
1208 1714 1389 1763 μελέτην
1425 1714 1503 1754 τοῦ
1535 1727 1606 1754 κα-

193 1787 281 1836 λῶς
313 1787 388 1835 ζῆν
418 1785 489 1826 καὶ
517 1787 596 1827 τοῦ
629 1786 773 1836 καλῶς
804 1784 1108 1839 ἀποθνῄσκειν.
1141 1787 1252 1827 πολὺ
1284 1787 1332 1827 δὲ
1363 1788 1508 1837 χεῖρον
1539 1787 1608 1828 καὶ

191 1858 216 1900 ὁ
248 1859 389 1907 λέγων
419 1858 554 1900 καλὸν
585 1860 663 1909 μὲν
694 1859 748 1910 μὴ
781 1861 925 1910 φῦναι,

333 1931 477 1983 φύντα
508 1930 544 1973 δ’
578 1932 698 1982 ὅπως
730 1931 894 1973 ὤκιστα
923 1932 1065 1983 πύλας
1096 1931 1240 1974 Ἀίδαο
1270 1935 1466 1984 περῆσαι.

315 2039 328 2072 1
359 2038 506 2072 δειινὸν
533 2049 610 2070 cum
636 2039 743 2070 litura
769 2039 798 2070 F
820 2039 825 2080 Ι
849 2037 916 2079 [τῶ
942 2038 1199 2081 κατειζληφότι
1223 2040 1262 2071 Η
1283 2039 1289 2080 ἶ
1310 2037 1486 2082 γνησίως]
1512 2039 1608 2080 γνώ-

192 2105 289 2139 σεως
314 2098 344 2129 F
378 2099 393 2139 11
427 2098 447 2130 3
475 2097 658 2131 δεδοιὲναι
687 2099 715 2129 F
748 2097 763 2139 ΙΙ
798 2099 819 2129 4
845 2098 968 2140 παρὸν
998 2098 1132 2139 HPffQ:
1161 2098 1294 2141 παρὼν
1322 2097 1477 2142 BFs(P¹)
1501 2098 1505 2139 Ι
1529 2098 1609 2131 {vo-

192 2155 282 2200 χλεῑ]
312 2157 473 2199 ἐνοχλεῖ·
499 2156 545 2189 τὸ
572 2156 612 2190 δὲ
638 2157 687 2188 Ff
717 2156 732 2199 11
768 2158 788 2189 5
814 2157 914 2198 λυπῆ
945 2157 974 2187 Β
1007 2158 1022 2196 l!
1057 2158 1078 2189 <3
1105 2157 1219 2190 οὐδὲν
1238 2157 1309 2198 ΠΙ
1333 2156 1522 2199 ἐπεδήπερ
1544 2156 1573 2188 Β
1602 2169 1610 2192 ’.

193 2215 214 2247 7
242 2215 283 2249 δὲ
309 2216 330 2249 ὁ
357 2216 438 2248 BFf
491 2214 506 2258 ΙΙ
563 2215 585 2248 9
612 2216 702 2256 τοὺς
730 2221 811 2247 ante
837 2217 1023 2249 τετελευτ.
1052 2227 1108 2247 om
1136 2217 1163 2247 F
1204 2216 1211 2256 1
1248 2215 1523 2258 τελευτηκότας
1549 2216 1565 2247 s
1600 2216 1603 2249 ἒ

196 2275 241 2307 10
266 2273 336 2308 οὐκ
362 2274 418 2308 ἔτι
436 2274 513 2306 ΗΡ.
541 2275 736 2315 legendum
762 2275 886 2308 οὐκέτ’
913 2275 956 2306 cs.
974 2286 1008 2317 p.
1026 2275 1114 2313 527
1139 2275 1144 2317 Ι
1167 2274 1239 2308 εἰσί
1266 2275 1296 2306 F
1327 2272 1345 2320 i}
1381 2276 1418 2307 11
1452 2275 1515 2309 ὅτε
1544 2275 1610 2315 μὲν

194 2333 304 2374 FHfl
327 2333 580 2375 μ(εν)έγιστον
599 2334 629 2365 F
653 2334 658 2376 Ι
681 2334 745 2367 ὅτε
773 2334 813 2368 δὲ
842 2334 889 2365 Ff
920 2334 934 2376 Η
972 2333 1014 2366 12
1040 2333 1130 2376 τῶνῖ
1149 2335 1206 2367 τῶ
1225 2333 1270 2366 13¹
1292 2334 1298 2376 ξ
1319 2335 1375 2366 τῶ
1394 2345 1482 2366 corr.
1506 2344 1546 2365 ex
1566 2333 1611 2366 τὸ

194 2393 224 2424 Β
246 2392 253 2435 ff
274 2394 401 2426 κακῶν
421 2419 427 2425 .
445 2419 452 2425 .
469 2419 477 2426 .
502 2393 546 2426 13
571 2393 617 2426 τὸ
642 2394 711 2434 ζῆν
738 2393 904 2436 suppleui
931 2393 1084 2435 exempli
1113 2403 1253 2424 caussa:
1272 2394 1399 2426 κακῶν
1425 2395 1610 2426 ποθοῦσιν

195 2450 442 2489 casaubonus,
468 2452 657 2493 ζητοῦσιν.
686 2452 706 2486 ὁ
725 2451 845 2494 σοφὸς
863 2452 931 2486 οὖν
951 2451 1169 2483 Meibomius
1190 2452 1386 2484 inseruerat
1418 2450 1433 2495 η
1472 2452 1513 2484 13
1541 2461 1610 2493 φο-

196 2509 304 2551 βῆται
324 2510 354 2541 F
381 2508 398 2552 ss
434 2510 477 2542 15
503 2509 598 2544 εἷναί
617 2510 669 2554 τι]
691 2511 784 2544 εἶναι
806 2510 876 2553 Fsl
901 2510 952 2553 δὲ]
981 2511 1020 2544 δὲ
1045 2509 1090 2543 τὸ
1118 2511 1200 2543 libri
1223 2510 1228 2548 ἷ
1253 2509 1377 2544 σιπίον
1403 2511 1438 2541 in
1459 2521 1525 2542 ras.
1546 2511 1575 2540 F
1600 2507 1610 2552 ῑξ

198 2567 242 2600 16
266 2567 388 2611 ἥδιον]
415 2568 573 2610 ἥδιστον
600 2569 685 2601 libri
736 2568 751 2612 Η
802 2570 842 2602 17
871 2569 1145 2612 παραγγέλλων
1172 2569 1276 2612 quis?
1318 2569 1332 2611 ΙΙ
1380 2569 1419 2601 19
1448 2566 1610 2610 εὐήθξης]

195 2627 243 2659 1³²
283 2627 299 2671 ss
339 2628 386 2660 20
411 2628 470 2662 διὰ
496 2630 566 2661 τοῦ
592 2629 628 2659 Η
656 2628 716 2661 διὰ
740 2638 810 2661 του
838 2628 868 2659 F
908 2628 923 2670 ΙΙ
965 2628 1007 2659 21
1038 2630 1163 2670 χεῖρον
1183 2628 1252 2659 Hs:
1284 2625 1420 2669 χείρων
1447 2626 1574 2668 reliqui
1601 2630 1611 2666 ιζ

196 2686 243 2719 22
269 2686 290 2720 ὁ
316 2686 438 2728 λέγων
462 2687 646 2726 Theognis
672 2697 705 2719 u.
725 2686 806 2720 425.
824 2686 896 2719 427
919 2686 923 2728 Ι
946 2686 1062 2729 φύναι
1083 2686 1146 2728 PQ
1180 2686 1195 2730 ΙΙ
1229 2685 1274 2719 23
1301 2688 1427 2728 φῡντα
1445 2685 1485 2729 f}
1508 2685 1613 2726 ὅπως

198 2754 241 2777 ex
265 2745 287 2780 ὁ
313 2755 401 2777 corr.
428 2744 482 2776 Η2
504 2745 509 2787 Ι
533 2744 668 2789 ἀίδ[αο]
691 2744 853 2789 περάσαι
879 2746 907 2776 F
