1842 3250
645 228 851 260 EPICVRI
878 228 1092 261 PHYSICA
1505 229 1575 262 255
1618 210 1629 216 ’

159 338 309 371 naturali
335 349 375 370 ac
400 339 611 377 necessaria,
639 339 727 371 nihil
752 340 905 372 liberum
931 342 1037 373 nobis
1065 347 1169 379 esset,
1198 352 1274 374 cum
1300 343 1347 374 ita
1372 348 1575 374 moueretur

160 405 308 442 animus,
335 409 373 435 ut
399 408 596 436 atomorum
625 411 722 437 motu
749 411 948 447 cogeretur.
989 433 996 440 .
1018 432 1024 439 .
1046 432 1053 439 .
1075 433 1081 440 .
1102 408 1255 439 Acutius
1275 407 1487 445 Carneades.
1515 407 1574 450 qui

160 467 313 499 docebat
338 479 444 511 posse
464 470 660 511 Epicureos
690 481 786 501 suam
813 482 972 502 caussam
1001 472 1076 502 sine
1103 472 1169 503 hae
1195 473 1442 504 commenticia
1469 473 1574 504 decli-

161 533 303 564 natione
342 533 549 566 defendere.
610 544 687 565 nam
730 545 808 566 cum
849 535 1018 566 docerent
1058 546 1153 567 esse
1191 547 1322 578 posse
1363 537 1573 579 quendam

119 605 134 629 5
160 597 289 629 animi
316 601 475 628 motum
501 596 822 635 uoluntarium,
852 599 888 630 id
918 599 980 630 suit
1011 600 1154 631 defendi
1182 599 1310 631 melius
1338 611 1441 643 quam
1469 601 1574 633 intro-

66 934 134 967 380

104 1011 132 1034 ιι

64 1144 131 1178 381

101 1929 135 1956 25

102 2253 136 2278 30

160 663 290 694 ducere
324 662 599 694 declinationem
628 688 635 695 .
657 689 663 696 .
686 689 692 695 .
714 687 721 693 .
750 674 827 694 cum
859 664 951 696 enirn
981 666 1241 696 concessissent
1275 672 1407 697 motum
1436 666 1573 697 nullum

160 737 237 758 esse
266 726 342 758 sine
369 737 505 769 caussa,
546 738 614 758 non
648 728 886 760 concederent
922 729 1038 760 omnia
1065 739 1154 771 quae
1180 729 1303 761 fierent
1333 729 1408 762 fieri
1438 731 1574 762 caussis

159 790 472 822 antecedentibus:
517 790 711 822 uoluntatis
740 791 832 823 enim
859 797 1001 823 nostrae
1032 803 1104 825 non
1134 803 1213 824 esse
1241 803 1382 825 caussas
1412 800 1574 826 externas

160 859 193 886 et
220 854 463 887 antecedentis
474 853 493 888 ’.

279 936 428 970 Amlvs
454 944 467 969 1
493 936 551 975 29,
571 936 592 969 6
618 948 650 979 p.
668 937 736 970 326
755 937 800 969 D.
829 937 938 979 (Plut.
965 946 979 970 1
1005 938 1061 977 29,
1083 939 1104 970 2
1134 939 1236 972 Stob.
1265 938 1331 971 ecl.
1357 938 1458 982 phys.
1488 939 1518 976 7,
1539 938 1575 981 9)

159 999 377 1044 Ἐπίκουρος
404 1000 491 1043 (τήν
517 1001 637 1044 τύχην
664 1002 779 1044 λέγει)
814 1003 982 1036 ἄστατον
1016 1002 1140 1037 αἰτίαν
1173 1004 1392 1046 προσώποις
1427 1003 1576 1046 χρόνοις

159 1065 301 1106 τόποις.

279 1146 460 1181 (ὶλιιηιτε
487 1148 532 1179 de
560 1159 625 1180 usu
653 1149 804 1191 partium
830 1156 885 1182 vn
909 1150 951 1182 14
977 1154 1000 1183 t.
1021 1154 1064 1182 ιιι
1089 1159 1123 1192 p.
1140 1150 1206 1182 571
1225 1159 1278 1192 sq.
1297 1150 1347 1182 K.
1375 1149 1480 1190 ὅπως
1506 1148 1575 1183 οὖν

159 1212 468 1255 ἐπηνωρθώσατο
493 1214 598 1245 τοῦθ’
624 1212 645 1254 ἡ
672 1213 786 1254 φύσις
814 1212 1018 1255 ἐξευροῦσα
1046 1214 1173 1256 σοφὴν
1199 1213 1381 1256 μηχανήν,
1411 1213 1486 1254 ἐγὼ
1509 1213 1575 1254 μὲν

119 1283 134 1308 ι’·
159 1275 228 1310 οὐκ
255 1276 301 1309 ἂν
328 1276 538 1319 ἐβουλόμην
565 1278 638 1319 ἤδη
666 1288 728 1319 μοι
760 1278 945 1319 λέγεσθαι,
984 1279 1072 1321 πρὶν
1103 1281 1183 1318 τοῖς
1208 1278 1304 1320 ἀμφὶ
1329 1278 1397 1312 τὸν
1424 1278 1575 1321 Ἀσκλη-

159 1340 299 1383 πιάδην
324 1349 366 1375 τε
392 1343 453 1375 καὶ
477 1342 545 1375 τὸν
577 1341 794 1385 Ἐπίκουρον
823 1342 1022 1385 ἐπιτρέψαι
1052 1344 1221 1385 ζητῆσαι,
1250 1342 1332 1376 τίνα
1360 1343 1504 1385 τρόπον
1530 1342 1576 1375 ἂν

159 1405 191 1440 εἷ
216 1416 287 1449 περ
312 1406 422 1441 αὐτοὶ
446 1406 686 1450 κατέστησαν
711 1406 751 1440 ἐν
777 1407 880 1451 χώρᾳ
905 1409 973 1440 τοῦ
1000 1407 1297 1447 διαπλάττοντος
1314 1406 1361 1440 τὰ
1379 1406 1469 1449 Ζῷα,
1497 1409 1575 1447 τοῖς

159 1468 368 1513 εἰρημένοις
394 1472 505 1512 μυσὶν
529 1473 609 1506 τῶν
636 1471 783 1514 νεύρων
810 1472 1030 1513 μετέδοσαν.
1084 1472 1198 1506 εἴωθα
1225 1471 1297 1514 γὰρ
1326 1471 1428 1505 οὕτω
1454 1475 1576 1506 ποιεῖν

160 1532 281 1568 ἐνίοτε
314 1534 374 1567 καὶ
409 1537 619 1577 συγχωρεῖν
653 1535 781 1575 αὐτοῖς
814 1534 866 1575 εἰς
899 1535 969 1575 τὴν
1007 1535 1141 1576 σκέψιν
1176 1535 1246 1576 οὐχ
1279 1535 1429 1578 ἡμερῶν
1458 1536 1574 1576 μόνον

102 1608 118 1632 ‘.’
161 1595 253 1630 ἀλλὰ
286 1597 346 1631 καὶ
378 1600 509 1640 μηνῶν
543 1598 689 1633 ὁπόσον
723 1599 769 1632 ἂν
803 1600 912 1632 αὐτοὶ
947 1600 1183 1641 βουληθῶσιν
1212 1598 1380 1642 ἀριθμόν.
1434 1600 1513 1634 ἐπεὶ
1545 1601 1576 1634 δ’

160 1661 230 1696 οὐκ
257 1662 414 1705 ἐγχωρεῖ
445 1662 627 1706 πράττειν
660 1664 784 1705 οὕτως
811 1664 850 1698 ἐν
877 1663 1090 1707 γράμμασιν
1119 1664 1208 1697 οὐδὲ
1235 1664 1305 1706 τὴν
1333 1663 1486 1699 ἐκείνων
1513 1673 1575 1699 σο-

160 1725 250 1769 φίαν
279 1727 530 1770 παραβάλλειν
555 1730 603 1772 τῇ
629 1730 700 1770 τῆς
724 1728 911 1770 φύσεως
939 1727 1129 1772 ἀτεχνίᾳ
1156 1729 1217 1762 καὶ
1244 1728 1437 1771 δεικνύειν,
1472 1729 1577 1770 ὅπως

160 1791 184 1834 ἡ
216 1792 490 1836 λοιδορουμένη
523 1792 618 1836 πρὸς
651 1793 781 1827 αὐτῶν
815 1793 867 1834 ὡς
902 1793 1099 1835 ἄτεχνος
1133 1794 1272 1835 φύσις
1303 1793 1354 1835 εἰς
1387 1797 1575 1828 τοσοῦτον

160 1855 455 1900 εὐμηχανωτέρα
487 1857 663 1900 φαίνεται
696 1860 764 1900 τῆς
799 1857 936 1900 σοφίας
969 1858 1109 1900 αὐτῶν,
1150 1858 1235 1898 ὥςτ’
1269 1858 1349 1892 οὐδ’
1377 1858 1576 1900 ἐπινοῆσαι

161 1920 341 1955 δύνανται
367 1923 447 1956 τῶν
473 1922 597 1966 ἔργων
623 1923 741 1964 αὐτῆς
766 1923 836 1965 τὴν
861 1923 1010 1965 τέχνην,
1039 1921 1243 1963 ἀναγκαῖον
1270 1923 1342 1965 ἤδη
1368 1933 1428 1965 μοι
1455 1922 1576 1963 λέγειν

159 1983 227 2026 τὰς
253 1986 422 2029 μηχανὰς
449 1988 518 2029 τῆς
543 1987 707 2030 φύσεως.
815 2007 836 2016 =

159 2049 256 2083 idem
281 2050 327 2082 de
355 2051 447 2084 fetus
475 2052 687 2084 formatione
716 2052 737 2085 6
763 2058 786 2085 t.
807 2060 849 2085 1v
876 2063 909 2095 p.
930 2051 999 2085 688
1022 2052 1073 2085 K.
1101 2051 1148 2085 οὐ
1175 2051 1246 2095 γὰρ
1274 2051 1319 2093 δὴ
1346 2053 1414 2093 τῆς
1439 2049 1575 2092 ὸνομα·

159 2115 318 2158 ζομένης
347 2116 502 2159 φύσεως
528 2117 599 2158 τὴν
627 2115 771 2157 οὐσίαν,
812 2116 844 2150 εἴ
869 2117 901 2149 τ’
934 2115 1136 2157 ἀσώματός
1167 2115 1223 2156 τίς
1249 2115 1352 2149 ἐστιν
1379 2114 1411 2149 εἴ
1434 2125 1475 2149 τε
1503 2124 1574 2149 σω-

159 2179 306 2223 ματική,
349 2179 488 2224 σοφίας
520 2180 572 2223 εἰς
605 2182 722 2224 ἄκρον
754 2182 858 2223 ἥκειν
892 2181 1055 2224 ἐροῦσιν,
1094 2181 1141 2222 ἥν
1167 2190 1211 2221 γε
1242 2180 1325 2223 μηδ’
1354 2180 1452 2220 ὅλως
1478 2179 1576 2221 ἔχειν

159 2243 287 2287 φασίν,
314 2242 442 2289 (ow)
462 2244 566 2279 οὕτω
591 2245 772 2287 τεχνικῶς
796 2243 996 2286 ἐνεργῆσαι
1020 2243 1104 2286 περὶ
1122 2243 1191 2284 τὴν
1210 2245 1289 2276 τῶν
1309 2242 1480 2285 ἐμβρύων
1499 2242 1575 2276 διά-

282 2406 304 2439 4
336 2407 382 2441 cf.
408 2407 473 2450 Ep.
502 2417 557 2450 ep.
584 2414 630 2440 111
662 2406 725 2440 133
753 2417 786 2449 p.
806 2405 862 2443 65,
886 2405 929 2438 10
966 2405 1011 2438 τὸ
1039 2405 1079 2438 δὲ
1105 2404 1192 2447 παρ’
1220 2404 1317 2446 ἡμᾶς
1349 2403 1574 2437 ἀδέσποτον.

160 2465 380 2497 extrinsecus
407 2464 500 2509 (scil.
528 2466 645 2497 animo
673 2464 870 2498 simulacris
899 2462 1054 2506 pulsato)
1081 2463 1302 2495 uoluntatem
1327 2463 1457 2506 repetit
1473 2462 1576 2495 Lucr.

159 2530 204 2556 lv
221 2523 289 2557 881
308 2534 361 2566 sq.
403 2523 469 2555 has
496 2524 690 2556 sententias
717 2534 788 2566 quo
812 2522 920 2555 modo
947 2521 1194 2554 conciliauerit
1212 2521 1401 2564 Epicurus,
1428 2530 1470 2552 ex
1497 2519 1578 2551 reli·

161 2582 255 2625 quiis
282 2582 407 2615 incerti
433 2592 471 2615 π.
498 2581 653 2625 φύσεως
678 2581 763 2614 libri
792 2581 853 2624 (cs.
872 2580 1107 2623 Gomperzius
1135 2581 1378 2621 sitzungsber.
1404 2583 1428 2612 t.
1456 2577 1512 2615 83,
1531 2576 1577 2611 95

165 2640 311 2673 Wiener
339 2642 485 2673 studien
517 2648 532 2673 Ι
558 2650 592 2684 p.
612 2641 658 2674 28
675 2640 770 2683 sqq.)
802 2640 959 2672 iudicare
993 2638 1078 2671 licet
1134 2637 1150 2681 ΙΙ
1209 2638 1250 2671 11
1287 2638 1330 2670 cf.
1357 2638 1423 2679 Ep.
1452 2646 1507 2679 ep.
1535 2643 1580 2668 ΙΙΙ

164 2698 229 2732 133
256 2709 291 2742 p.
310 2698 430 2737 65,10
454 2698 526 2741 τὴν
554 2699 595 2733 δὲ
621 2699 740 2741 τύχην
768 2699 934 2732 ἄστατον
981 2699 988 2740 1
1037 2697 1081 2730 12
1106 2695 1255 2740 τόποις]
1273 2696 1429 2739 τρόποις
1448 2694 1550 2728 Stob.
1568 2693 1579 2738 ’ἱ

160 2757 206 2789 20
232 2756 389 2791 ὁπόσων
416 2758 527 2790 edunt
