1842 3250
147 620 163 645 5

92 675 162 709 360

130 943 162 967 10

128 1266 161 1291 15

87 1595 153 1630 361

89 2391 160 2425 362

670 212 700 243 F.
706 211 874 244 PICVRI
900 209 1117 243 PHYSICA
1532 209 1599 241 241

184 328 307 370 ομίοις
332 327 436 362 οὕτω
462 325 709 368 καλουμένοις
726 326 789 360 ὑπ’
811 325 949 360 αὐτοῦ·
977 325 1047 360 ἔξω
1073 324 1145 368 γάρ
1171 335 1207 359 τι
1232 327 1302 359 τοῦ
1330 323 1474 366 κόσμου
1503 322 1605 366 οἰκη-

183 392 318 436 τήριον
348 393 419 426 τοῦ
452 393 542 426 Θεοῦ
573 391 681 425 ἔθετο
713 391 808 425 εἶναι
841 391 1049 433 λεγόμενον
1077 390 1127 424 τὰ
1153 389 1394 430 μετακόσμια.
1448 389 1606 430 ἣδεσθαι

185 457 228 491 δὲ
261 456 323 490 καὶ
353 456 555 499 ἡσυχάζειν
588 456 630 490 ἐν
665 458 713 500 τῇ
750 455 942 500 ἀκροτάτῃ
983 455 1216 499 εὐφροσύνῃ,
1256 456 1316 489 καὶ
1358 454 1448 489 οὔτε
1487 453 1604 487 αὐτὸν

185 521 388 563 πράγματα
414 521 514 563 ἔχειν
541 520 630 554 οὔτε
657 520 758 565 ἄλλῳ
784 519 973 564 παρέχειν.

232 612 300 644 DE
327 612 450 645 VITA
475 612 691 645 DEORVM
718 612 891 644 BEATA

307 675 550 710 LAG'I'ANTIVS
577 677 621 709 de
646 678 699 709 ira
726 677 785 710 dei
816 678 870 715 17,
902 678 916 709 1
945 676 1100 720 meus,
1128 677 1244 720 inquit
1270 675 1459 719 Epicurus,
1488 674 1605 707 nihil

186 745 318 773 curat.
362 741 497 774 nullam
528 743 637 783 igitur
671 742 781 774 habet
816 746 1041 785 potestatem.
1085 751 1208 773 curare
1242 741 1336 773 enim
1372 749 1519 772 necesse
1552 744 1607 771 est

185 815 277 844 eum,
303 805 364 849 qui
390 804 500 839 habet
526 811 753 849 potestatem,
783 806 843 839 uel
872 807 902 838 si
928 806 1036 838 habet
1065 810 1100 838 et
1125 816 1196 838 non
1223 805 1343 848 utitur,
1370 815 1461 847 quae
1486 809 1605 837 tantae

184 869 433 911 neglegentiae
459 878 584 902 caussa
611 874 677 908 est,
703 873 742 901 ut
768 869 802 901 ei
827 879 899 901 non
927 869 1043 901 dicam
1071 873 1232 901 nostrum
1259 878 1384 910 genus,
1411 868 1475 900 sed
1501 867 1606 900 etiam

183 934 336 968 mundus
359 935 437 978 ipse
460 935 506 966 sit
527 933 634 966 uilis?
657 934 779 973 ideo,
804 934 932 976 inquit,
958 934 1241 977 incorruptus
1268 938 1335 966 est
1360 943 1407 965 ac
1431 933 1606 970 beatus,

184 998 287 1042 quia
321 1008 493 1041 semper
525 999 715 1042 quietus.
766 999 823 1030 cui
860 1008 946 1039 ergo
982 998 1244 1031 administratio
1278 1002 1453 1031 tantarum
1489 1007 1605 1029 rerum

185 1063 303 1102 cessit,
342 1064 374 1095 si
407 1062 495 1095 haec
528 1072 547 1094 a
581 1063 649 1095 deo
685 1062 932 1106 neglegantur,
970 1072 1061 1105 quae
1098 1062 1262 1094 uidemus
1297 1062 1435 1094 ratione
1472 1072 1606 1094 summa

183 1127 399 1169 gubernari?
441 1133 498 1159 aut
535 1127 677 1170 quietus
710 1137 789 1160 esse
822 1138 892 1171 quo
923 1127 1032 1160 modo
1059 1132 1179 1170 potest
1207 1127 1268 1170 qui
1298 1127 1388 1159 uiuit
1415 1132 1449 1159 et
1476 1126 1608 1160 sentit?

183 1203 265 1226 nam
288 1193 391 1235 quies
419 1203 477 1225 aut
503 1193 618 1224 somni
644 1201 699 1224 res
729 1197 781 1224 est
807 1197 867 1224 aut
895 1191 1048 1224 mortis’.

184 1256 277 1289 idern
307 1257 416 1290 diuin.
438 1256 548 1289 instit.
569 1263 615 1289 111
636 1255 690 1295 12,
709 1256 751 1289 15
778 1255 972 1299 ‘Epicurus
1000 1257 1105 1288 deum
1131 1256 1274 1288 beatum
1303 1259 1338 1288 et
1362 1256 1605 1300 incorruptum

183 1327 300 1360 uocat,
342 1321 423 1365 quia
457 1320 692 1364 sempiternus
730 1324 795 1354 est.
848 1321 1034 1353 beatitudo
1071 1320 1164 1353 enim
1190 1321 1349 1363 perfecta
1380 1331 1459 1353 esse
1486 1321 1607 1359 debet,

183 1390 223 1418 ut
248 1385 340 1418 nihil
375 1386 422 1417 sit
454 1386 551 1428 quod
586 1396 661 1418 eam
695 1396 824 1418 uexare
859 1391 918 1417 aut
949 1385 1158 1418 imminuere
1186 1390 1245 1418 aut
1271 1386 1454 1418 immutare
1481 1386 1606 1428 possit.

183 1460 249 1483 nec
269 1450 372 1482 aliter
399 1449 589 1492 quicquam
609 1449 802 1482 existimari
821 1449 965 1482 beatum
982 1455 1114 1492 potest,
1141 1449 1211 1482 nisi
1228 1449 1336 1482 suerit
1355 1449 1606 1494 incorruptum.

183 1514 429 1558 incorruptum
457 1520 575 1547 autem
601 1514 694 1547 nihil
721 1520 775 1547 est
801 1514 871 1547 nisi
898 1515 997 1557 quod
1023 1520 1076 1548 est
1101 1515 1329 1548 immortale'.

309 1597 476 1631 ATTICVS
501 1596 653 1628 Eusebii
680 1606 799 1639 praep.
827 1606 881 1629 eu.
908 1603 964 1627 xv
991 1596 1024 1633 5,
1051 1595 1073 1628 9
1099 1606 1132 1638 p.
1154 1594 1243 1628 800²
1276 1592 1358 1627 κατ’
1385 1593 1608 1638 Ἐπίκουρον

182 1660 228 1694 τὸ
252 1661 321 1703 τῆς
345 1659 529 1704 προνοίας
553 1659 708 1702 οἴχεται,
736 1659 798 1694 καί
823 1670 883 1694 τοι
909 1662 1001 1707 τῶνΔ
1016 1661 1115 1693 θεῶν
1141 1659 1222 1693 κατ’
1242 1658 1360 1693 αὐτὸν
1387 1660 1514 1693 πᾶσαν
1542 1669 1605 1702 κη-

183 1724 361 1767 δεμονίαν
388 1725 483 1769 ὑπὲρ
510 1726 578 1767 τῆς
605 1724 797 1768 σωτηρίας
822 1726 902 1758 τῶν
929 1722 1080 1759 οἰκείων
1106 1723 1261 1766 ἀγαθῶν
1287 1723 1581 1767 εἰσφερομένων.

183 1789 227 1822 cf.
261 1790 412 1833 scriptor
445 1790 645 1833 Epicureus
673 1787 889 1834 [Plutarchi]
917 1790 962 1822 de
989 1789 1079 1832 plac.
1106 1789 1238 1832 philos.
1268 1797 1282 1822 1
1308 1789 1340 1826 7,
1368 1790 1387 1820 7
1418 1800 1452 1832 p.
1475 1788 1544 1822 300
1561 1789 1606 1821 D.

183 1855 319 1896 κοινῶς
351 1854 420 1888 οὖν
451 1854 738 1897 ἁμαρτάνουσιν
773 1853 983 1897 ἀμφότεροι
1018 1853 1294 1897 (Ἀναξαγόρας
1327 1853 1387 1887 καὶ
1412 1852 1606 1895 Πλάτων),

183 1918 242 1953 ὅτι
266 1918 334 1953 τὸν
360 1919 449 1954 Θεὸν
477 1917 664 1962 ἐποίησαν
691 1918 1018 1962 ἐπιστρεφόμενον
1046 1920 1124 1952 τῶν
1151 1917 1401 1961 ἀνθρωπίνων
1435 1919 1495 1951 καὶ
1519 1918 1607 1952 τού-

181 1993 252 2018 του
288 1984 396 2027 χάριν
433 1983 501 2018 τὸν
541 1983 686 2026 κόσμον
727 1983 1070 2018 κατασκευάζοντα.
1124 1983 1169 2017 τὸ
1209 1983 1281 2026 γὰρ
1323 1982 1507 2026 μακάριον
1546 1982 1607 2016 καὶ

183 2046 383 2090 ἄφθαρτον
416 2049 527 2093 Ζῷον,
567 2029 868 2091 πεπληρωμένον
900 2058 942 2082 τε
977 2049 1069 2081 πᾶσι
1100 2050 1180 2088 τοῖς
1215 2047 1370 2088 ἀγαθοῖς
1399 2048 1459 2081 καὶ
1488 2049 1607 2081 κακοῦ

182 2112 326 2153 παντὸς
351 2113 522 2156 ἄδεκτον,
561 2113 672 2147 ὅλον
706 2112 755 2146 ὃν
787 2113 892 2155 περὶ
924 2112 1008 2154 τὴν
1041 2112 1248 2154 συνοχὴν
1281 2114 1364 2153 τῆς
1391 2110 1510 2153 ἰδίας
1537 2111 1607 2145 εὐ-

185 2176 428 2219 δαιμονίας
463 2188 514 2212 τε
549 2178 621 2212 καὶ
656 2175 921 2220 ἀφθαρσίας
953 2176 1228 2220 ἀνεπιστρεφές
1254 2176 1333 2210 ἐστι
1358 2178 1437 2210 τῶν
1464 2175 1608 2219 ἀνθρω-

183 2239 306 2276 πίνων
335 2242 588 2286 πραγμάτων·
632 2241 874 2283 κακοδαίμων
910 2242 941 2275 δ’
968 2242 1014 2275 ἂν
1043 2241 1100 2284 εἴη
1128 2240 1292 2284 ἐργάτου
1327 2240 1434 2284 δίκην
1464 2242 1523 2274 καὶ
1549 2240 1607 2274 τέ-

183 2316 320 2348 κτονος
345 2306 576 2350 ἀχθοφορῶν
602 2308 663 2341 καὶ
690 2308 878 2350 μεριμνῶν
913 2305 965 2347 εἰς
992 2306 1063 2348 τὴν
1089 2308 1159 2340 τοῦ
1185 2306 1329 2347 κόσμου
1357 2304 1605 2347 κατασκευήν.

303 2389 470 2422 ATTICVS
503 2389 654 2421 Eusebii
686 2399 806 2432 praep.
837 2398 891 2420 eu.
919 2395 975 2419 xv
1003 2388 1037 2425 5,
1060 2388 1097 2420 ll
1129 2399 1162 2431 p.
1180 2386 1269 2420 8001‘
1311 2387 1432 2422 ἐκεῖνο
1466 2387 1497 2421 δ’
1527 2387 1609 2429 ἐμοὶ

184 2455 291 2497 κριτῇ
317 2454 377 2487 καὶ
403 2452 747 2497 αἰσχυντηλότερον
772 2453 793 2486 ὁ
811 2450 1031 2496 Ἐπίκουρος
1059 2452 1163 2486 δοκεῖ
1189 2452 1454 2495 πεποιηκέναι·
1483 2451 1609 2496 ὥςπερ

305 2569 327 2602 2
353 2566 512 2610 ἥδεσθαί
535 2578 577 2602 τε
600 2568 687 2600 libri
721 2566 736 2611 ΙΙ
771 2568 791 2601 5
820 2567 864 2599 ad
883 2567 978 2600 hunc
996 2567 1116 2599 locum
1135 2568 1180 2601 ef.
1198 2568 1344 2600 Philod.
1373 2566 1492 2611 [TUepl
1516 2565 1610 2611 [τ]ῆς

184 2626 276 2672 τῶ[ν
302 2628 403 2663 θεῶν
429 2626 690 2672 εὐδαί]μον[ος]
718 2624 934 2670 διαγω[γῆςξ
950 2627 1036 2659 VH'
1057 2631 1081 2659 t.
1101 2633 1140 2659 Vl
1175 2627 1180 2670 Ι
1220 2627 1262 2660 17
1289 2637 1428 2660 uexare
1444 2632 1512 2658 aut
1525 2626 1607 2659 cod.

185 2687 349 2719 Bonon.:
377 2698 515 2719 nexare
530 2698 575 2719 ac
590 2686 703 2728 uolgo
738 2685 753 2730 ss
782 2686 834 2720 28
861 2686 1021 2718 eiusdem
1048 2686 1247 2718 sententiae
1266 2686 1457 2727 uestigium
1476 2691 1608 2719 certum

187 2745 271 2777 dedi
298 2756 403 2788 supra
428 2757 463 2789 p.
476 2746 559 2785 240,
575 2746 620 2780 28
646 2746 691 2778 cs.
711 2757 743 2787 p.
760 2744 842 2781 235.
860 2745 902 2778 l?
922 2755 973 2786 sq.
1009 2744 1023 2787 Η
1059 2745 1102 2778 33
1130 2744 1298 2787 αἰσχυντ.
1325 2755 1428 2788 quam
1453 2747 1607 2780 Aristot.

1294 2811 1337 2844 16
