1842 3250
174 629 242 661 363

175 1868 247 1901 364

269 248 339 281 242
754 249 955 281 EPICVRI
985 251 1047 281 PH
1058 250 1198 282 YSICA

269 362 340 405 γὰρ
376 361 568 402 ἀπογνοὺς
605 361 786 396 δύνασθαι
822 363 911 403 τοὺς
946 362 1056 403 θεοὺς
1096 361 1328 403 ἀποσχέσθαι
1363 363 1430 403 τῆς
1469 361 1682 406 ἀνθρώπων

269 426 494 469 κηδεμονίας
522 426 574 467 εἰς
604 426 745 460 ταύτὸν
773 427 951 467 ἐλθόντας
979 428 1116 467 αὺτοῖς,
1159 426 1255 460 καθά
1289 437 1358 468 περ
1385 426 1438 467 εἰς
1463 426 1681 470 ἀλλοδαπὴν

269 491 437 534 ἀπῴκισε
464 493 523 524 καὶ
551 491 620 525 ἔξω
647 501 722 524 που
748 494 817 524 τοῦ
845 491 989 532 κόσμου
1017 490 1229 533 καθίδρυσε,
1259 491 1304 524 τὸ
1332 491 1590 534 ἀπάνθρωπον
1619 493 1683 525 αὐ-

269 558 347 590 τῶν
378 559 424 599 τῇ
455 556 664 589 ἀποστάσει
691 556 750 589 καὶ
777 558 823 598 τῇ
850 555 944 597 πρὸς
973 556 1106 589 ἅπαντ’
1136 555 1339 600 ἀκοινωνίᾳ
1372 557 1682 599 παραιτούμενος.

390 625 645 659 Pia-uacum
676 636 709 658 u.
739 626 839 668 Pyrri
866 626 911 658 20
951 626 995 659 τὸ
1025 626 1064 659 δὲ
1092 627 1192 660 θεῖον
1221 626 1412 671 ἀπωτάτω
1439 627 1591 671 χάριτος
1624 629 1685 662 καὶ
1705 635 1721 660 5

270 690 385 734 ὀργῆς
412 691 471 724 καὶ
498 694 566 724 τοῦ
594 691 717 732 μέλειν
744 691 851 733 ἡμῶν
879 690 931 730 εἰς
956 691 1182 734 ἀπράγμονα
1207 691 1286 733 βίον
1314 693 1374 727 καὶ
1402 693 1541 733 μεστὸν
1569 693 1683 727 εὐπα-

271 758 382 790 θειῶν
409 754 677 796 ἀποικίζοντες.

271 820 513 854 LACTAN'HVS
533 821 577 853 de
597 821 648 853 ira
666 821 725 852 dei
743 820 776 859 2,
795 821 814 853 7
842 820 957 853 ‘aiunt
975 822 1069 853 enim
1088 821 1244 864 quidam,
1264 832 1328 853 nec
1347 822 1533 863 gratificari
1549 821 1685 866 (deum)

271 886 435 928 cuiquam
462 896 527 918 nec
553 886 670 923 irasci,
698 885 763 917 sed
790 895 951 917 securum
978 891 1011 918 et
1039 886 1196 927 quietum
1223 886 1496 919 immortalitatis
1520 898 1604 918 suae
1623 887 1687 918 bo-

270 950 324 981 nis
352 950 510 993 perfrui’.
1712 961 1744 985 ιο

271 1015 314 1048 cf.
342 1015 530 1047 Lucretius
557 1022 583 1046 11
612 1014 700 1047 1093
739 1014 882 1047 ‘sancta
913 1014 1018 1047 deum
1052 1015 1246 1058 tranquilla
1277 1020 1423 1058 pectora
1451 1025 1551 1058 pace,
1595 1025 1686 1058 quae

268 1079 450 1122 placidum
479 1080 614 1121 degunt
641 1091 767 1112 aeuom
790 1081 970 1123 uitamque
998 1079 1186 1114 serenam’.
1237 1088 1265 1113 V
1290 1080 1335 1113 82
1362 1080 1476 1113 ‘bene
1505 1081 1566 1123 qui
1593 1080 1686 1112 didi-

270 1154 349 1176 cere
377 1144 465 1177 deos
493 1155 657 1176 securum
685 1155 789 1186 agere
819 1143 974 1178 aeuom'.

270 1209 444 1241 Horatius
475 1215 539 1242 sat.
568 1217 582 1241 1
611 1209 644 1248 5,
676 1210 739 1242 101
790 1209 899 1242 ‘deos
926 1209 1037 1242 didici
1066 1220 1228 1242 securum
1255 1219 1361 1251 agere
1388 1219 1526 1246 aeuom,
1564 1218 1630 1241 nec
1657 1208 1687 1240 si

271 1273 358 1315 quid
384 1274 462 1305 miri
490 1274 593 1305 faciat
620 1279 743 1306 natura
770 1274 857 1306 deos
885 1274 923 1306 id
949 1274 1058 1306 tristis
1086 1285 1128 1306 ex
1154 1274 1226 1306 alto
1251 1274 1342 1306 caeli
1360 1273 1546 1306 demittere
1565 1271 1686 1306 tecto'.
1713 1281 1744 1307 15

270 1338 469 1381 Dionysius
500 1339 608 1381 episc.
636 1339 786 1371 Eusebii
814 1349 934 1382 praep.
964 1349 1017 1372 eu.
1047 1346 1117 1371 XIV
1145 1337 1202 1377 27,
1232 1339 1249 1371 1
1277 1349 1310 1382 p.
1331 1338 1419 1372 781·
1466 1337 1687 1380 ἐργάζεσθαι

272 1402 312 1436 δέ
338 1412 382 1443 γε
409 1403 469 1436 καί
497 1403 649 1437 διοικεῖν
682 1403 741 1436 καὶ
774 1403 989 1446 εὐεργετεῖν
1014 1413 1055 1437 τε
1083 1403 1143 1436 καὶ
1169 1402 1426 1446 προκήδεσθαι
1453 1403 1514 1436 καὶ
1540 1401 1587 1436 τὰ
1612 1412 1687 1436 τοι-

271 1470 367 1501 αῦτα
393 1470 471 1508 τοῖς
499 1468 566 1509 μὲν
590 1466 719 1511 ἀργοῖς
746 1494 752 1501 ,
775 1495 781 1501 .
803 1495 810 1501 .
838 1468 898 1502 καὶ
924 1468 1149 1510 κακούργοις
1173 1467 1265 1507 ἴσως
1292 1467 1448 1508 ἐπαχθῆ,
1476 1465 1531 1508 οἷς
1557 1466 1688 1507 ἐγκατ-

272 1532 394 1567 έλεξεν
422 1533 558 1566 ἑαυτὸν
584 1532 811 1575 Ἐπίκουρος,
839 1535 997 1566 τοιαῦτα
1023 1531 1221 1575 φρονήσας
1247 1533 1331 1575 περὶ
1356 1534 1435 1565 τῶν
1462 1533 1571 1565 θεῶν.

272 1596 571 1630 TERTVLLIANVS
599 1598 779 1640 apologet.
810 1597 854 1629 47
884 1597 891 1607 ‘
904 1597 1073 1640 Epicurei
1093 1596 1213 1637 (deum
1233 1596 1460 1637 adseuerant)
1480 1597 1636 1629 otiosum
1655 1600 1688 1628 et
1712 1602 1746 1628 ἕο

270 1662 502 1694 inexercitum
523 1669 557 1693 ct
573 1670 610 1693 ut
625 1663 672 1693 ita
689 1662 847 1699 dixerim,
868 1662 1044 1694 neminem
1059 1661 1221 1693 humanis
1239 1662 1345 1693 rebus
1356 1660 1375 1694 ³.
1403 1662 1451 1692 id.
1468 1661 1511 1693 ad
1528 1665 1597 1693 nat.
1612 1667 1638 1692 n
1654 1659 1687 1692 2.

272 1725 491 1760 SALVIANVS
519 1727 562 1758 de
590 1727 738 1767 gubern.
766 1726 825 1758 dei
850 1733 863 1758 Ι
891 1726 911 1758 5
939 1737 971 1768 p.
992 1726 1025 1764 3,
1048 1725 1090 1757 17
1116 1725 1392 1768 ‘Epicureorum
1423 1751 1430 1759 .
1448 1751 1456 1758 .
1477 1751 1484 1759 .
1512 1725 1573 1768 qui
1600 1726 1690 1757 sicut

271 1790 493 1834 uoluptatem
513 1801 590 1822 cum
610 1791 752 1829 uirtute,
781 1790 831 1822 sic
858 1791 964 1822 deum
990 1801 1068 1822 cum
1097 1790 1232 1823 incuria
1251 1801 1290 1822 ac
1309 1796 1453 1833 torpore
1472 1789 1687 1822 iunxerunt’.

393 1860 544 1894 SENECA
572 1861 616 1892 de
644 1861 763 1893 benef.
789 1867 828 1894 lv
848 1860 881 1899 4,
904 1862 918 1894 1
949 1860 1096 1903 “itaque
1123 1871 1194 1892 non
1225 1860 1286 1893 dat
1312 1860 1400 1892 deus
1426 1859 1601 1892 beneficia
1626 1860 1689 1892 sed

273 1936 417 1958 securus
445 1930 479 1957 et
505 1923 700 1966 neglegens
728 1925 851 1963 nostri,
887 1934 1033 1956 auersus
1061 1935 1080 1956 a
1107 1924 1240 1956 mundo
1268 1924 1366 1956 aliud
1395 1925 1467 1965 agit
1495 1929 1566 1962 aut,
1598 1933 1689 1966 quae
1713 1932 1747 1957 25

271 1990 422 2021 maxima
439 1989 594 2032 Epicuro
615 1988 767 2021 felicitas
786 1988 938 2027 uidetur,
958 1988 1048 2021 nihil
1069 1989 1154 2030 agit,
1180 1999 1245 2021 nec
1264 1989 1375 2029 magis
1396 1988 1497 2021 illum
1516 1988 1689 2021 beneficia

273 2065 377 2097 quam
395 2053 543 2086 iniuriae
563 2052 749 2094 tangunt’'.
770 2053 852 2085 Hoc
872 2053 933 2096 qui
952 2052 1049 2091 dicit,
1071 2064 1144 2085 non
1163 2053 1306 2085 exaudit
1320 2054 1537 2096 precantium
1552 2052 1689 2087 uoces’.

274 2118 369 2150 idem
394 2117 484 2149 ibid.
512 2124 549 2149 lv
581 2116 621 2150 19
668 2121 717 2148 'tu
745 2116 901 2158 denique
926 2116 1081 2158 Epicure
1110 2115 1215 2148 deum
1242 2116 1412 2148 inermem
1440 2116 1538 2154 sacis,
1573 2117 1690 2149 omnia

274 2182 329 2213 illi
363 2181 446 2219 tela,
486 2191 624 2212 omnem
660 2180 847 2214 detraxisti
881 2180 1077 2223 potentiam
1118 2185 1163 2219 et,
1203 2191 1247 2212 ne
1281 2180 1444 2224 cuiquam
1478 2181 1688 2213 metuendus

276 2252 380 2285 esset,
420 2246 603 2288 proiecisti
630 2244 733 2277 illum
761 2250 858 2277 extra
884 2245 1065 2277 mundum.
1106 2244 1200 2277 hunc
1227 2245 1335 2286 igitur
1360 2245 1614 2288 intersaeptum
1641 2245 1690 2277 in·
1712 2255 1746 2280 ao

275 2310 372 2351 genti
408 2310 551 2352 quidem
589 2315 623 2341 et
656 2309 905 2354 inexplicabili
944 2320 1043 2341 muro
1084 2309 1312 2353 diuisumque
1348 2320 1367 2341 a
1399 2315 1564 2343 contactu
1604 2315 1637 2342 et
1671 2320 1689 2342 a

276 2379 470 2417 conspectu
501 2374 704 2406 mortalium
734 2385 804 2406 non
832 2374 944 2405 habes
980 2384 1086 2416 quare
1117 2374 1282 2406 uerearis.
1334 2373 1435 2406 nulla
1459 2373 1514 2406 illi
1541 2385 1605 2406 nec
1632 2374 1688 2406 tri-

395 2488 415 2521 3
443 2488 487 2520 de
515 2487 663 2520 deorum
691 2487 838 2520 sedibus
867 2488 910 2520 cs.
936 2488 1077 2521 Lucret.
1104 2495 1132 2520 v
1158 2487 1359 2526 146-155,
1391 2498 1496 2532 supra
1521 2499 1556 2532 p.
1573 2488 1654 2527 241,
1672 2489 1689 2522 1

276 2551 310 2578 et
330 2546 400 2579 234
425 2546 550 2578 Cicero
570 2547 615 2578 de
635 2551 703 2579 nat.
724 2547 821 2579 deor.
841 2554 855 2579 1
873 2546 906 2584 8,
927 2546 970 2579 28
996 2545 1056 2579 ‘ex
1081 2546 1228 2590 Epicuri
1254 2546 1520 2579 intermundiis’
1545 2547 1690 2580 Atticus

275 2603 299 2636 1.
328 2615 354 2637 ⁵.
383 2615 415 2645 p.
432 2603 520 2637 799⁶
554 2607 623 2638 τοῦ
652 2605 797 2646 κόσμου
823 2605 868 2638 τὸ
894 2606 997 2639 θεῖον
1025 2603 1278 2639 ἐξοικίσασθαι
1303 2604 1364 2638 καὶ
1393 2604 1577 2647 μηδεμίαν
1603 2605 1690 2648 ἡμῖν

275 2662 369 2704 πρὸς
397 2662 490 2696 αὐτὸ
518 2663 720 2697 κοινωνίαν
747 2663 943 2697 ἀπολιπεῖν
980 2663 1190 2695 Alexander
1215 2663 1330 2705 Aphr.
1353 2664 1397 2695 de
1415 2664 1488 2696 fato
1508 2664 1552 2697 37
1571 2675 1606 2707 p.
1625 2663 1691 2697 120

276 2720 334 2753 Or.
364 2722 473 2761 θεοὺς
499 2721 581 2755 κατ’
610 2721 828 2765 Ἐπίκουρον
858 2721 966 2763 ἐκτὸς
991 2721 1105 2762 ὄντας
1132 2721 1216 2764 (τοῦ
1244 2721 1404 2764 κόσμου)
1447 2720 1463 2764 11
1504 2722 1527 2754 8
1552 2723 1595 2755 cf.
1622 2723 1689 2765 Ep.

276 2789 330 2820 ep.
352 2786 364 2810 Ι
385 2780 429 2812 76
448 2790 500 2821 sq.
528 2788 552 2812 ιι
573 2780 616 2813 97
637 2792 670 2823 p.
688 2781 903 2817 42,11--ι4
934 2788 978 2813 111
1000 2780 1066 2813 123
1094 2785 1181 2813 sent.
1201 2787 1213 2812 1
