1846 3288
494 272 562 305 DE
586 272 794 306 LAERTII
820 269 1120 305 SCRIPTIONE
1371 269 1533 302 XXXV

162 398 197 422 ιι.
225 387 271 422 10
295 385 414 430 μόνον
439 395 480 421 τε
505 384 614 429 χάριν
640 385 736 420 ἕξειν
761 386 830 422 τὸν
857 385 993 430 σοφόν.
1019 385 1080 419 καί
1104 383 1167 419 ἐπὶ
1193 381 1317 426 φίλοις
1354 384 1415 418 καὶ
1440 393 1533 427 παρ·

297 453 382 486 οθσι
407 451 469 486 καὶ
495 449 658 486 ἀποῦσιν
687 448 829 493 ὁμοίως
856 450 918 484 διά
944 459 986 485 τε
1012 448 1128 493 λόγου
1157 459 1177 477 ⁴*
1206 459 1225 477 υ
1243 445 1256 470 ¹

228 517 272 550 14
297 515 386 551 οὐδὲ
419 515 595 550 κολάσειν
630 515 790 558 οἰκέτας,
829 515 1000 558 ἐλεήσειν
1039 513 1166 557 μέντοι
1206 514 1268 548 καὶ
1304 513 1537 556 συγγνώμην

296 581 370 615 τινὶ
396 580 492 615 ἕξειν
515 582 595 614 τῶν
621 579 854 615 σπουδαίων.

229 643 274 679 15
299 643 577 689 ἐρασθήσεσθαι
594 644 662 680 τὸν
681 644 806 688 σοφὸν
826 644 871 680 οὐ
890 645 993 680 δοκεῖ
1011 644 1153 688 αὐτοῖς,
1170 643 1262 679 οὐδὲ
1279 644 1407 688 ταφῆς
1420 653 1535 687 φρον-

301 712 407 745 τιεῑν.

228 773 276 809 20
301 774 397 810 κατὰ
423 773 645 819 περίστασιν
670 773 713 809 δέ
738 784 833 809 ποτε
861 773 944 816 βίου
970 774 1167 817 γαμήσειν.

117 852 257 890 statim
287 852 536 890 nouissimae
567 854 799 891 sententiae
830 852 1047 903 gemeliatn
1076 852 1205 891 habes
1239 857 1389 902 postea
1418 851 1534 889 addi-

119 923 203 957 tam
235 918 342 958 hanc

164 1001 190 1037 1.
218 1001 262 1036 19
295 1002 356 1036 καὶ
391 1001 465 1044 μὴν
497 1003 559 1036 καὶ
589 1001 774 1044 γαμήσειν
806 1002 867 1036 καὶ
899 1001 1186 1045 τεκνοποιήσειν
1218 1001 1288 1036 τὸν
1318 1000 1455 1044 σοφόν,
1483 1000 1537 1042 ὡς

297 1065 516 1110 Ἐπίκουρος
547 1066 589 1101 ἑν
620 1069 702 1108 ταῖς
730 1066 956 1109 Διαπορίαις
980 1067 1042 1101 καὶ
1069 1066 1109 1100 ἐν
1135 1068 1218 1108 ταῖς
1245 1063 1340 1109 Περὶ
1371 1065 1535 1109 φύσεως.

117 1155 166 1182 ea
196 1144 348 1182 arctius
380 1144 640 1194 coniungitur
671 1155 764 1182 cum
795 1145 1010 1182 sententiis
1042 1145 1095 1182 de
1127 1155 1280 1189 amore,
1313 1155 1420 1194 quae
1448 1143 1538 1193 plu-

117 1224 180 1250 tes
210 1211 382 1249 additae
412 1218 530 1250 erant
561 1212 618 1250 ad
649 1223 686 1251 ιι.
719 1213 769 1251 15
802 1212 843 1249 in
875 1212 1077 1262 margine:

166 1304 200 1327 ιι.
228 1291 273 1327 12
297 1291 445 1335 ’γυναικί
474 1303 516 1328 τε
543 1293 590 1327 οὔ
622 1292 845 1336 μιγήσεσθαι
877 1294 945 1328 τὸν
978 1294 1102 1337 σοφὸν
1135 1293 1158 1339 ᾗ
1191 1294 1226 1329 οἱ
1252 1293 1362 1337 νόμοι
1397 1293 1537 1336 ἀπαγο-

301 1358 490 1402 ρεύουσιν,
517 1359 569 1400 ὥς
595 1367 691 1402 φησι
718 1359 907 1402 Διογένης
932 1359 973 1393 ἐν
999 1362 1048 1403 τῇ
1075 1359 1237 1403 ἐπιτομῇ
1263 1360 1344 1393 τῶν
1370 1358 1536 1392 Ἐπικοὺ·

300 1435 370 1469 ρου
397 1424 542 1467 ἠθικῶν
568 1423 782 1466 δογμάτων.

236 1488 280 1523 16
306 1489 397 1524 οὐδὲ
422 1489 664 1531 θεόπεμπτον
691 1489 787 1524 εἶναι
811 1489 880 1524 τὸν
903 1489 1040 1533 ἔρωτα,
1067 1490 1119 1531 ὡς
1137 1486 1347 1533 Διογένηςέ
1364 1488 1404 1523 ἐν
1421 1491 1478 1533 τῷ
1507 1502 1538 1522 ε.

233 1553 277 1588 17
305 1552 513 1595 συνουσίην
537 1553 578 1587 δέ
604 1561 721 1595 φασιν
747 1552 883 1595 ὀνῆσαι
909 1554 977 1595 μὲν
1003 1553 1200 1593 οὐδέποτε,
1228 1552 1427 1596 ἀγαπητὸν
1446 1552 1487 1587 δὲ
1506 1551 1540 1586 εἰ

302 1618 352 1660 μὴ
381 1618 442 1653 καὶ
469 1618 621 1660 ἔβλαψε.

120 1702 258 1734 cetera
279 1708 447 1746 quoque
469 1708 576 1746 quae
605 1696 848 1746 interposita
871 1698 1069 1746 leguntur,
1095 1696 1287 1734 aliorsum
1309 1697 1538 1746 pertinent:

124 1776 160 1803 u.
185 1767 234 1803 11
267 1761 342 1804 ὅτε
371 1762 518 1813 μέντοι
554 1764 854 1814 στρεβλοῦται,
887 1760 992 1803 ἔνθα
1023 1761 1091 1803 καὶ
1123 1761 1242 1812 μύζει
1270 1762 1339 1803 καὶ
1370 1760 1540 1813 οἰμώζει

123 1843 209 1869 non
232 1831 336 1870 falso
353 1832 398 1870 id
418 1833 587 1882 quidem
610 1831 680 1883 (cf.
703 1832 747 1871 fr.
767 1830 838 1883 66)
863 1831 938 1870 sed
961 1837 1099 1871 tamen
1119 1832 1323 1870 maleuole
1342 1845 1367 1869 a
1385 1832 1540 1870 lectore

122 1900 360 1938 aduersario
377 1901 630 1950 adscriptum
647 1906 736 1938 erat
752 1901 806 1938 ad
827 1901 884 1940 1.9
903 1897 982 1940 κᾶν
999 1899 1254 1952 στρεβλωθῇ
1276 1896 1312 1939 δ’
1336 1897 1359 1938 ὁ
1379 1897 1540 1950 σοφός,

123 1963 233 2007 εἶναι
266 1964 402 2007 αὐτὸν
429 1965 676 2017 εὐδαίμονα,
708 1979 790 2018 qua
822 1979 864 2005 re
896 1969 1020 2006 etiam
1052 1968 1183 2006 forma
1213 1968 1373 2006 insolita
1410 1979 1541 2005 enun-

121 2034 212 2073 tiati
243 2041 337 2086 post
368 2036 501 2074 additi
533 2042 682 2086 sponte
713 2036 957 2086 explicatum
989 2036 1012 2074 1.
1043 2037 1092 2074 17
1125 2032 1226 2076 οὐδὲ
1258 2032 1541 2084 ῥητορεύσειν

121 2101 268 2152 καλῶς
298 2103 359 2141 eis
390 2116 498 2154 quae
527 2116 566 2142 u.
591 2104 642 2143 27
676 2104 869 2153 leguntur
906 2100 975 2142 καὶ
1006 2099 1319 2152 συγγράμματα
1350 2099 1543 2142 καταλεί-

120 2178 243 2220 ψειν’
274 2168 328 2210 οὐ
359 2171 640 2221 πανηγυριεῖν
671 2169 720 2213 δέ
752 2171 1085 2220 subiungendum
1117 2176 1217 2209 erat.

235 2239 314 2277 sed
330 2244 376 2276 ut
396 2250 597 2277 summam
621 2224 875 2290 effingamus,
905 2239 1065 2277 etiamsi
1084 2238 1284 2276 uetustius
1304 2237 1402 2275 iilud
1422 2249 1540 2287 opus,

122 2308 236 2357 quod
263 2305 419 2345 Laertii
458 2307 630 2345 librariis
669 2307 878 2356 exemplar
916 2306 1002 2358 suit,
1043 2311 1208 2344 constat
1247 2306 1418 2343 similem
1456 2305 1537 2342 siue

121 2373 320 2412 incuriam
351 2374 440 2413 siue
472 2375 656 2413 iniuriam
684 2382 809 2413 antea
841 2385 1010 2424 passum
1042 2385 1150 2418 esse,
1178 2380 1317 2411 tamen
1346 2374 1439 2411 illae
1461 2377 1540 2411 tur-

122 2441 203 2478 bae
234 2453 337 2491 quas
368 2442 639 2492 interpositae
669 2442 836 2492 Epicuri
868 2442 1072 2492 epistulae
1104 2442 1376 2485 concitarunt,
1413 2442 1542 2479 main—

121 2519 188 2546 res
217 2516 314 2546 sunt
344 2520 467 2559 quam
499 2521 605 2560 quas
636 2511 840 2549 editorem
869 2510 1055 2560 quamuis
1093 2510 1398 2559 neglegentem,
1439 2509 1472 2546 si
1501 2509 1543 2547 in

123 2575 347 2625 exemplari
367 2577 609 2621 inuenisset,
645 2579 792 2615 credas
815 2578 1020 2627 patienter
1048 2576 1220 2615 laturum
1243 2576 1376 2615 fuisse.
1422 2577 1544 2625 igitur

244 2709 263 2743 1
292 2709 369 2743 fmis
395 2710 591 2743 sententiae
618 2710 861 2743 additamento
888 2715 921 2743 et
944 2709 1002 2742 hic
1028 2714 1060 2742 et
1086 2710 1173 2742 alibi
1200 2710 1368 2753 expulsus
1393 2716 1458 2744 est.

245 2767 267 2802 2
299 2771 403 2802 etiam
440 2770 574 2802 tertiam
606 2769 710 2802 huius
736 2769 912 2811 Diogenis
952 2769 1159 2802 sententiam
1188 2781 1221 2803 ιι.
1249 2768 1296 2803 25
1335 2770 1395 2804 καὶ
1426 2769 1542 2812 λυπή-

124 2827 255 2861 σεσθαι
282 2827 325 2861 δὲ
350 2828 418 2862 τὸν
444 2828 569 2872 σοφόν
587 2828 667 2873 ipsa
687 2829 789 2861 sedes
809 2829 924 2870 arguit
944 2828 1222 2860 additamentum
1242 2829 1404 2869 marm'nis
1426 2829 1542 2862 fuisse.

1485 2917 1541 2945 C*
