1846 3288
299 264 464 296 LXXIV
855 265 1148 299 PRAEFATIO

296 377 432 431 φύσιν
460 379 529 420 καὶ
550 378 686 431 μόνος
716 383 805 430 μετ’
825 378 1029 430 ἀληθείας
1049 380 1102 421 τὰ
1125 379 1234 421 καλὰ
1258 380 1459 433 ἐγνωκὼς
1481 381 1550 422 καὶ
1570 394 1707 433 παρα-

299 446 501 497 δεδωκὼς
532 447 601 488 καὶ
642 446 935 498 ἐλευθερωτής
975 448 1061 488 τῶν
1101 446 1402 497 ὁμιλησάντων
1441 447 1557 503 αὐτῷ
1587 448 1708 498 γενό-

300 525 430 564 μενος
469 515 691 561 (Lucianus
729 516 831 554 infra
861 528 901 566 p.
924 514 1119 565 26212).
1173 518 1432 567 conqueritur
1469 525 1513 555 ut
1549 518 1707 556 Stoicus

299 588 483 631 tempora
526 589 683 620 mutata
725 582 972 621 Cleomedes
1004 591 1040 622 Π
1065 587 1083 622 1
1117 596 1155 634 p.
1182 586 1256 622 107
1288 583 1388 621 Bak.
1429 582 1469 623 οἱ
1512 584 1589 633 μὲν
1629 582 1706 625 οὖν

299 646 578 698 παλαιότεροι
601 646 893 698 ἐξεκήρυσσον
915 647 962 689 ἐκ
982 649 1068 690 τῶν
1089 648 1263 691 πόλεων
1285 650 1353 690 καὶ
1383 650 1486 701 τοὺς
1519 648 1604 692 ἀπὸ
1628 652 1706 701 τῆς

298 714 509 767 αἱρέσεως
539 715 607 757 καὶ
646 716 698 757 τὰ
728 717 906 757 τοιαῦτα
937 717 1024 758 τῶν
1064 716 1424 768 συγγραμμάτων,
1464 715 1600 766 λύμην
1639 716 1708 757 καὶ

298 782 542 833 διαφθορὰν
581 784 670 824 τῶν
709 781 949 834 ἀνθρώπων
987 782 1094 825 εἶναι
1137 783 1517 835 ὑπολαμβάνοντες
1558 784 1611 824 τὰ
1641 783 1708 825 ἐπὶ

297 851 516 892 τοσοῦτον
547 849 616 891 καὶ
656 849 929 901 τυφλότητος
962 851 1030 892 καὶ
1061 850 1268 901 κιναιδίας
1298 850 1458 900 ἥκοντα
1489 853 1577 892 τῶν
1607 854 1707 900 δογ-

298 915 455 967 μάτων.
509 916 549 958 οἱ
589 917 637 959 δὲ
673 918 764 963 νῦν,
802 916 876 958 ἅτε
910 915 1025 968 οἶμαι
1057 917 1140 958 ὑπὸ
1180 920 1346 969 τρυφῆς
1390 918 1459 959 καὶ
1497 916 1707 970 μαλακίας

297 983 584 1035 ἐκλελυμένοι,
640 985 706 1026 ἐπὶ
752 987 968 1027 τοσοῦτον
1015 985 1313 1036 ἐκτετιμήκασι
1358 986 1462 1036 τοὺς
1504 985 1590 1026 ἀπὸ
1629 987 1707 1037 τῆς

297 1050 508 1103 αἱρέσεως
547 1052 615 1094 καὶ
657 1052 765 1093 αὐτὰ
796 1053 848 1093 τὰ
889 1052 1215 1103 συγγράμματα,
1256 1052 1363 1103 ὥςτε
1395 1052 1464 1095 καὶ
1493 1053 1707 1095 κινδυνεύ-

296 1128 395 1161 ουσι
445 1120 610 1169 μᾶλλον
659 1119 914 1171 Ἐπίκουρον
965 1121 1036 1161 καὶ
1084 1120 1186 1172 τοὺς
1232 1119 1320 1162 ἀπὸ
1367 1123 1445 1171 τῆς
1495 1119 1707 1172 αἱρέσεως

298 1186 435 1238 ἀληθῆ
480 1187 619 1236 λέγειν
661 1187 895 1238 βούλεσθαι
939 1188 963 1239 ἢ
1007 1188 1133 1238 θεοὺς
1176 1188 1244 1229 καὶ
1283 1188 1493 1239 πρόνοιαν
1529 1188 1574 1229 ἐν
1616 1189 1708 1239 τοῖς

299 1254 421 1304 ὅλοις
453 1252 563 1295 εἶναι
594 1256 680 1295 κτλ.
742 1257 859 1306 igitur
892 1257 989 1294 inde
1021 1257 1071 1294 ab
1104 1248 1305 1294 Hadriani
1339 1258 1588 1306 temporibus
1625 1269 1708 1295 cre-

304 1324 412 1362 uisse
444 1325 586 1362 credas
618 1324 911 1373 Epicureorum
943 1336 1165 1362 numerum.
1229 1325 1415 1373 permulti
1449 1332 1557 1362 certe
1597 1325 1708 1362 fuere

303 1392 555 1442 multumque
580 1392 706 1428 ualuit
727 1392 943 1441 disciplina
964 1392 1038 1429 sub
1063 1392 1291 1431 Antoninis.
1331 1398 1502 1430 testatur
1532 1393 1610 1430 hoc
1631 1393 1708 1430 Lu-

305 1459 444 1496 cianus
491 1459 590 1496 libro
641 1471 765 1508 quem
812 1460 865 1496 de
903 1459 1139 1496 Alexandro
1188 1460 1400 1508 impostore
1446 1461 1501 1497 ad
1544 1460 1709 1497 Celsum

304 1527 462 1575 scripsit
492 1527 666 1563 maxime
698 1539 732 1563 c.
756 1529 819 1566 25.
868 1533 1042 1564 testatur
1072 1527 1194 1564 etiam
1224 1527 1407 1564 Galenus
1436 1527 1546 1564 haud
1567 1527 1709 1575 paucis

304 1594 410 1631 libris
441 1594 598 1642 scriptis
631 1594 777 1642 quibus
808 1594 1050 1643 Epicuream
1082 1594 1382 1643 philosophiam
1412 1594 1629 1643 explicaret
1661 1606 1710 1630 ac

301 1660 518 1706 refutaret;
563 1672 665 1711 quos
704 1662 791 1711 ipse
833 1669 1043 1699 enumerat
1076 1661 1140 1698 De
1171 1662 1277 1698 libris
1310 1663 1390 1699 suis
1423 1674 1457 1698 c.
1484 1663 1531 1699 17
1567 1668 1592 1700 t.
1623 1668 1710 1701 XIX

299 1741 337 1777 p.
360 1731 413 1768 48
440 1728 489 1766 K.
523 1725 632 1777 Περὶ
661 1729 738 1767 τοῦ
772 1725 861 1767 κατ’
892 1727 1150 1777 Ἐπίκουρον
1191 1727 1446 1778 εὐδαίμονος
1478 1727 1546 1768 καὶ
1578 1740 1708 1777 μακα-

301 1794 394 1845 ρίου
427 1794 519 1846 βίου
553 1783 588 1846 θ
620 1793 727 1845 Περὶ
757 1796 835 1844 τῆς
868 1793 955 1835 κατ’
989 1793 1244 1845 Ἐπίκουρον
1276 1793 1472 1845 ἀμαυροῦ
1495 1795 1654 1845 ἡδονῆς
1687 1798 1708 1846 β

301 1862 368 1911 (cf.
403 1863 445 1902 fr.
479 1864 592 1912 441).
648 1860 745 1901 (Ότι
774 1861 832 1902 τὰ
858 1862 1054 1910 ποιητικὰ
1085 1863 1161 1912 τῆς
1191 1862 1352 1912 ἡδονῆς
1388 1861 1574 1913 ἐλλιπῶς
1593 1861 1708 1903 Ἑπι-

298 1929 442 1982 κούρῳ
473 1929 668 1971 λέλεκται
700 1930 739 1970 ἃ.
787 1927 894 1982 Περὶ
915 1932 993 1980 τῆς
1014 1931 1216 1980 ἡδονικῆς
1238 1928 1461 1980 αἱρέσεως.
1507 1928 1554 1970 Εἰ
1581 1928 1607 1979 ἡ
1630 1943 1709 1980 φυ-

299 1996 498 2045 σιολογία
515 1995 683 2047 (φιλολ-
700 1995 788 2049 ed.)
807 1996 1017 2048 χρήσιμος
1036 1996 1095 2047 εἰς
1117 1997 1195 2047 τὴν
1212 1996 1361 2047 ἠθικὴν
1382 1996 1652 2048 φιλοσοφίαν
1669 1994 1709 2037 ἆ.

299 2062 407 2115 Περὶ
427 2065 512 2104 τῶν
532 2063 655 2114 Πρὸς
677 2064 778 2114 τοὺς
800 2063 1019 2114 σοφιστὰς
1051 2063 1177 2105 ἐννέα
1194 2062 1493 2115 Μητροδώρου
1514 2064 1582 2114 (cf.
1604 2065 1706 2103 infra

300 2145 338 2182 p.
361 2133 497 2182 41:5³).
533 2131 766 2182 Ἐπιστολὴ
792 2131 903 2183 πρὸς
937 2131 1100 2172 Κέλσον
1125 2130 1433 2182 Ἐπικούρειον.
1476 2130 1709 2180 Ἐπιστολὴ

299 2198 623 2240 Πουδεντιανοῦ
651 2198 970 2250 Ἐπικουρείου;
1002 2201 1209 2238 accedunt
1235 2212 1283 2236 ex
1316 2212 1349 2238 c.
1376 2202 1423 2238 13
1456 2213 1496 2249 p.
1519 2202 1571 2238 45
1601 2196 1711 2249 Περὶ

301 2266 486 2317 ἀλυπίας
518 2270 545 2305 fi
576 2273 615 2306 et
647 2266 755 2318 Περὶ
784 2267 947 2318 ἡδονῆς
979 2265 1047 2307 καὶ
1075 2265 1215 2308 πόνου
1247 2266 1289 2307 ἆ.
1342 2280 1475 2317 neque
1504 2267 1621 2305 aliter
1651 2268 1710 2304 in-

300 2336 514 2384 tellegetur
548 2339 660 2381 quod
681 2337 914 2374 Alexander
945 2336 1277 2385 Aphrodisiensis
1310 2348 1435 2384 saepe
1465 2348 1550 2373 non
1581 2335 1710 2372 nomi·

300 2410 439 2440 natam
471 2405 701 2443 doctrinam
734 2405 898 2454 Lpicuri
929 2410 1153 2453 oppugnat.
1198 2404 1255 2441 sic
1285 2403 1532 2452 fieri‘potuit
1552 2409 1596 2440 ut
1616 2404 1709 2452 imp.

301 2470 465 2508 Marcus
510 2472 699 2509 Aurelius
749 2484 832 2509 non
883 2472 1012 2509 solum
1058 2471 1324 2508 nobilioribus
1371 2470 1709 2520 philosophorum

302 2539 425 2575 sectis
468 2540 544 2575 sed
584 2539 707 2577 etiam
741 2539 966 2589 Epicureae
1006 2538 1250 2576 cathedram
1293 2537 1587 2575 Atheniensem
1618 2550 1710 2575 cum

301 2617 438 2642 annuo
474 2605 680 2654 stipendio
718 2607 956 2655 adsignaret
971 2603 996 2642 ¹.
1045 2606 1165 2655 igitur
1201 2611 1244 2642 ut
1283 2605 1504 2642 Aristocles
1543 2605 1709 2642 Eusebii

424 2696 438 2728 1
470 2695 514 2728 cf.
532 2695 698 2727 Philostr.
725 2695 784 2727 uit.
813 2694 914 2737 soph.
942 2704 970 2727 11
990 2693 1012 2727 2
1038 2704 1072 2737 p.
1091 2693 1160 2727 566
1189 2693 1364 2724 Lucianus
1384 2692 1533 2726 eunuch.
1553 2703 1582 2726 c.
1598 2692 1621 2725 3
1638 2692 1710 2725 uid.

302 2754 425 2797 Zumpt
458 2756 514 2787 zib.
547 2756 582 2788 d.
609 2756 763 2786 bes-tami
793 2755 858 2786 der
882 2755 1019 2796 philos.
1047 2754 1197 2785 schulen
1230 2754 1269 2785 in
1298 2753 1418 2784 Athen
1452 2761 1577 2784 comm.
1612 2750 1710 2785 acad.

302 2812 419 2845 Berol.
449 2824 475 2845 a.
509 2812 597 2847 1843
623 2824 656 2856 p.
677 2812 724 2847 50
740 2823 792 2856 sq.
