1842 3250
103 348 165 379 (47)

131 931 164 955 lo

131 1253 162 1280 15

125 1575 160 1601 20

122 1901 157 1926 ⁴25

190 223 229 256 fr.
256 222 324 258 281
669 223 874 256 EPICVRI
902 225 967 256 PH
976 224 1116 256 YSYCA
1540 226 1605 260 201

191 341 260 373 hoc
294 340 438 383 quidem
474 345 540 381 est,
578 349 651 371 non
685 338 877 380 disputare.
930 349 1009 370 nam
1040 349 1156 381 neque
1183 339 1401 371 extrinsecus
1432 340 1609 382 inpulsam

193 411 347 437 atomum
380 403 462 435 loco
496 403 632 436 moueri
661 407 696 434 et
723 402 904 436 declinare
939 402 1042 441 dicis,
1083 413 1199 445 neque
1232 404 1268 436 in
1299 403 1365 436 illo
1399 404 1507 441 inani,
1545 415 1608 448 per

189 470 287 513 quod
306 469 438 501 seratur
465 473 614 505 atomus,
642 466 831 509 quicquam
850 467 962 499 fuisse
981 477 1140 505 caussae,
1166 478 1228 500 cur
1254 478 1294 500 ea
1322 479 1392 501 non
1419 479 1438 500 e
1462 470 1608 510 regione

191 534 351 572 ferretur,
382 542 448 566 nec
473 533 509 564 in
536 532 613 574 ipsa
641 535 760 563 atomo
786 531 992 563 mutationis
1021 531 1159 574 aliquid
1187 532 1317 565 sactum
1343 537 1409 571 est,
1436 544 1539 576 quam
1559 535 1608 566 ob

189 610 262 632 rem
288 597 487 631 naturalem
515 601 648 629 motum
675 596 730 628 sui
755 596 925 639 ponderis
952 607 1024 628 non
1050 601 1197 630 teneret.
1248 598 1298 629 ita
1323 607 1401 630 cum
1429 596 1609 630 attulisset

189 664 325 696 nullam
351 673 524 700 caussam,
561 672 653 705 quae
683 661 787 693 istam
814 661 1091 694 declinationem
1119 661 1288 699 efficeret,
1327 667 1444 694 tamen
1471 662 1609 705 aliquid

189 728 258 760 sibi
286 729 404 760 dicere
431 726 585 766 uidetur,
611 736 689 758 cum
716 726 753 758 id
780 725 875 758 dicat
899 727 998 769 quod
1027 726 1184 758 omnium
1211 733 1347 759 mentes
1375 733 1608 769 aspernentur

187 803 228 825 ac
253 790 452 835 respuant‘.

188 856 275 891 ibid.
301 856 397 895 9,18
423 855 508 888 ‘nec
535 881 543 888 .
564 881 572 890 .
592 860 683 893 „est
709 865 835 887 caussa
861 865 922 887 cur
944 855 1120 899 Epicurus
1148 856 1256 888 fatum
1282 856 1489 888 extimescat
1509 861 1544 889 et
1561 857 1607 889 ab

188 921 315 954 atomis
332 925 431 963 petat
448 919 665 963 praesidium
692 930 824 962 easque
851 919 896 951 de
923 919 979 951 uia
1007 919 1160 952 deducat
1187 925 1221 952 et
1246 930 1318 952 uno
1344 926 1504 963 tempore
1531 931 1607 954 sus·

186 984 293 1029 cipiat
329 995 385 1017 res
417 985 506 1017 duas
539 983 804 1027 inenodabiles‚
841 994 955 1022 unam,
990 988 1028 1016 ut
1057 985 1132 1016 sine
1157 995 1283 1016 caussa
1310 984 1368 1016 fiat
1394 985 1534 1028 aliquid
1562 1004 1605 1010 —-

186 1060 229 1082 ex
256 1060 327 1092 quo
358 1049 487 1082 existet
514 1054 551 1081 ut
578 1049 622 1081 de
648 1048 764 1081 nihilo
792 1049 974 1092 quippiam
1001 1049 1060 1081 fiat
1088 1075 1096 1082 .
1117 1074 1125 1083 .
1147 1075 1153 1082 .
1183 1068 1244 1088 >-,
1273 1051 1431 1089 alteram,
1463 1056 1501 1083 ut
1528 1061 1606 1084 cum

186 1114 258 1146 duo
285 1113 473 1146 indiuidua
496 1124 560 1157 per
586 1114 794 1146 inanitatem
821 1113 989 1151 ferantur,
1017 1113 1164 1146 alterum
1195 1125 1212 1146 e
1240 1114 1388 1155 regione
1407 1120 1604 1153 moueatur,

185 1179 335 1212 alterum
361 1178 546 1212 declinet’.

184 1243 280 1276 idem
308 1244 352 1276 de
380 1248 450 1276 nat.
480 1244 579 1276 deor.
607 1251 619 1275 Ι
646 1243 704 1281 25,
733 1242 777 1275 69
821 1242 1016 1286 ‘Epicurus
1044 1254 1122 1275 cum
1150 1243 1301 1282 uideret,
1341 1245 1371 1276 si
1404 1244 1512 1277 atomi
1539 1245 1606 1276 fer-

185 1312 305 1340 rentur
329 1308 365 1340 in
391 1307 511 1340 locum
537 1308 742 1339 inferiorem
768 1313 896 1351 suopte
923 1309 1097 1350 pondere,
1123 1308 1213 1340 nihil
1241 1309 1316 1340 sore
1343 1309 1378 1340 in
1406 1314 1526 1341 nostra
1545 1320 1606 1352 po-

184 1376 322 1411 testate,
362 1372 460 1416 quod
489 1378 585 1404 esset
612 1383 730 1404 earum
757 1377 875 1404 motus
902 1378 1018 1404 certus
1047 1377 1081 1405 et
1108 1373 1345 1415 necessarius,
1371 1373 1509 1406 inuenit
1533 1384 1604 1417 quo

184 1437 292 1469 modo
326 1437 578 1469 necessitatem
613 1436 796 1478 effugeret,
842 1438 940 1480 quod
973 1437 1145 1470 uidelicet
1172 1438 1417 1470 Democritum
1451 1438 1604 1479 fugerat:

183 1500 232 1533 ait
259 1506 427 1540 atomum,
468 1512 546 1534 cum
573 1501 731 1544 pondere
759 1506 793 1533 et
822 1502 995 1542 grauitate
1023 1502 1169 1534 derecto
1197 1502 1348 1535 deorsus
1376 1503 1518 1542 feratur,
1546 1503 1605 1534 de-

184 1565 317 1598 clinare
343 1565 544 1609 paullulum
555 1565 574 1599 ¹.

183 1628 440 1664 PLVTARCHVS
466 1630 511 1662 de
538 1631 676 1662 animae
702 1631 952 1673 procreatione
977 1630 1012 1662 in
1038 1630 1130 1662 Tim.
1150 1630 1242 1663 Plat.
1264 1632 1284 1663 6
1311 1642 1344 1674 p.
1367 1631 1474 1665 1015ε
1512 1631 1605 1666 Ἐπι-

183 1695 311 1740 κούρῳ
343 1695 412 1737 μὲν
447 1694 519 1739 γὰρ
555 1695 636 1729 οὐδ’
678 1694 814 1738 ἀκαρὲς
851 1695 1016 1737 ἐγκλῖναι
1053 1695 1123 1737 τὴν
1162 1696 1306 1738 ἄτομον
1340 1698 1605 1738 συγχωροῦσιν

183 1758 235 1802 (οἱ
261 1759 437 1804 Στωικοὶ)
465 1760 516 1802 ὡς
542 1759 713 1795 ἀναίτιον
740 1760 982 1802 ἐπεισάγοντι
1010 1760 1156 1804 κίνησιν
1185 1762 1226 1795 ἐκ
1252 1763 1322 1795 τοῦ
1350 1760 1399 1803 μὴ
1427 1760 1548 1802 ὄντος.

183 1826 430 1859 Avevsrmvs
464 1830 587 1858 contra
617 1826 862 1859 Academicos
889 1833 932 1859 111
959 1827 1006 1859 23
1039 1832 1061 1859 t.
1088 1834 1100 1859 1
1133 1837 1167 1869 p.
1189 1826 1274 1859 284Ε
1305 1826 1359 1859 ed.
1388 1826 1479 1863 νεα,
1511 1824 1605 1858 1719

184 1889 276 1931 ‘quo
309 1890 418 1922 modo
455 1890 548 1922 enim
584 1891 675 1922 inter
701 1890 945 1923 Democritum
973 1896 1007 1923 et
1034 1890 1239 1933 superiores
1265 1890 1434 1933 physicos
1462 1890 1507 1922 de
1533 1899 1604 1922 uno

185 1954 316 1986 mundo
352 1959 390 1999 et
421 1954 743 1987 innumerabilibus
778 1955 877 1987 litem
913 1955 1210 1993 diiudicabimus,
1251 1965 1330 1988 cum
1362 1956 1454 1988 inter
1487 1954 1603 1997 ipsum

183 2017 424 2061 heredemque
452 2019 528 2051 eius
554 2019 749 2062 Epicurum
777 2020 971 2053 concordia
997 2030 1138 2052 manere
1166 2019 1390 2063 nequiuerit?
1431 2029 1511 2051 nam
1534 2018 1604 2051 iste

182 2082 389 2116 luxuriosus
415 2094 494 2117 cum
520 2089 658 2117 atomos
686 2085 788 2127 quasi
814 2084 1005 2116 ancillulas
1029 2094 1111 2116 suas
1138 2084 1175 2116 id
1202 2089 1256 2117 est
1281 2083 1494 2127 corpuscula
1512 2093 1603 2126 quae

182 2147 220 2179 in
246 2147 405 2181 tenebris
431 2148 549 2181 laetus
576 2149 813 2192 amplectitur,
847 2160 918 2181 non
946 2154 1068 2181 tenere
1097 2148 1193 2181 uiam
1220 2159 1332 2186 suam,
1365 2148 1431 2181 sed
1456 2148 1493 2180 in
1520 2147 1605 2180 alie-

180 2222 248 2243 nos
273 2211 408 2244 limites
440 2212 574 2255 passim
607 2218 735 2256 sponte
770 2212 952 2245 declinare
986 2212 1170 2255 permittit,
1208 2217 1321 2245 totum
1350 2212 1602 2255 patrimonium

181 2275 286 2308 etiam
313 2286 378 2319 per
403 2276 518 2318 iurgia
544 2276 748 2320 dissipauit.
788 2277 857 2309 hoc
885 2288 970 2309 uero
997 2276 1088 2309 nihil
1117 2278 1162 2309 ad
1189 2287 1245 2309 me
1272 2276 1438 2311 adtinet’.

228 2397 295 2428 DE
321 2396 680 2431 CONCRETIONE
708 2398 771 2430 ET
797 2397 1160 2430 DISSOLVTIONE

301 2489 435 2524 VARRO
465 2491 510 2523 de
529 2491 652 2533 lingua
670 2492 729 2525 lat.
750 2500 788 2524 Π
808 2492 854 2525 39
873 2502 907 2534 p.
924 2491 993 2524 219
1018 2490 1275 2527 ‘Democritus.
1303 2491 1491 2534 Epicurus»,
1517 2495 1600 2523 item

182 2554 243 2586 alii
271 2555 332 2597 qui
359 2555 497 2588 infinita
522 2556 699 2600 principia
725 2557 900 2595 dixerunt,
935 2566 1027 2599 quae
1053 2556 1147 2587 unde
1175 2555 1244 2587 sint
1271 2566 1343 2588 non
1371 2555 1504 2594 dicunt,
1536 2556 1600 2588 sed

305 2687 350 2721 33
375 2688 563 2730 Epicurus
589 2688 779 2721 Turnebus
812 2689 848 2720 in
880 2687 1135 2721 commentario
1161 2692 1346 2730 postumo:
1384 2697 1537 2720 securus
1566 2692 1600 2720 et

181 2751 326 2778 secutus
351 2746 557 2790 apographa
