1842 3250
76 487 165 521 300*

133 634 149 659 5

77 707 145 741 301

120 973 150 998 10

119 1296 150 1321 15

116 1618 150 1644 20

115 1940 150 1967 25

654 220 856 253 EPICVRI
883 220 1098 252 PHYSICA
1511 219 1581 252 213

173 335 243 378 ρὰν
269 334 483 375 ἐλέγξοντες
514 333 742 376 ἀναιροῦσι»,
783 334 851 366 οὐκ
885 333 1001 375 οὔσης
1028 333 1067 367 ἐν
1097 332 1239 376 ἀπείρῳ
1267 332 1462 375 διαφορᾶς,
1502 334 1582 367 καθ’

174 400 222 443 ἢν
249 399 292 433 τὸ
318 400 384 442 μὲν
410 399 490 433 ἄνω
515 398 560 433 τὸ
587 399 627 432 δὲ
654 397 757 432 κάτω
783 401 925 432 νοεῖται
951 398 1160 439 γινόμενον.

287 481 452 532 κόσμος
490 480 608 522 ἐστὶν
651 497 675 519 κ
706 497 729 518 κ
770 479 821 521 οὗ
862 480 1077 531 λυομένου
1113 479 1255 521 πάντα
1291 479 1344 521 τὰ
1381 479 1428 520 ἐν
1465 478 1584 534 αὐτῷ

172 553 384 606 σύγχυσιν
415 553 609 604 λήψεται.

175 624 367 660 Scuomos
395 625 530 672 [Epic]
558 638 612 670 ep.
639 634 669 660 11
695 626 740 660 88
767 638 801 670 p.
821 627 878 664 37,
899 627 954 660 20.

294 704 474 739 GALENVS
506 706 552 738 de
586 706 692 738 animi
723 711 948 748 peccatorum
984 706 1213 738 distinctione
1240 712 1275 738 et
1301 706 1482 738 curatione
1507 717 1536 740 c.
1564 706 1584 738 7

173 775 196 802 t.
215 778 243 804 v
266 781 299 814 p.
318 769 384 803 102
402 771 452 804 K.
481 771 501 804 ὁ
529 770 568 804 δέ
595 770 759 810 Στωικὸς
786 770 855 804 οὐκ
881 770 992 804 ἔνδον
1019 781 1054 804 τι
1081 770 1190 804 κενὸν
1217 771 1322 811 εἶναι,
1351 772 1489 805 ἔξωθεν
1516 773 1584 804 τοῦ

174 835 318 876 κόσμου
344 834 525 879 ὑπάρχειν
551 835 661 868 αὐτό·
701 838 821 868 ταῦτα
847 835 879 868 δ’
907 835 1022 877 ἄμφω
1049 838 1259 878 συγχωρῶν
1286 837 1306 869 ὁ
1335 835 1586 879 Ἐπικούρειος

174 900 216 934 ἑν
242 900 342 944 ἄλλῳ
367 900 440 933 τινὶ
466 899 684 942 διαφέρεται
703 900 797 942 πρὸς
815 899 947 933 αὐτόν·
978 901 1023 934 οὐ
1049 900 1120 943 γὰρ
1147 900 1213 933 ἕνα
1240 901 1416 942 ὁμολογεῖ
1443 900 1585 942 κόσμον

175 965 269 1000 εἶναι
294 964 416 1006 τόνδε,
444 963 540 998 καθά
566 974 637 1007 περ
662 965 683 998 ὁ
705 964 872 1006 Στωικὸς
897 964 1015 999 οἴεται
1042 965 1137 999 κατά
1163 975 1205 1005 γε
1231 968 1348 1000 τοῦτο
1375 968 1454 1006 τοῖς
1472 964 1582 1008 Περι-

174 1032 394 1073 πατητικοῖς
419 1029 613 1071 ὁμόδοξος,
641 1028 718 1063 ἀλλ’
747 1030 871 1073 ὥςπερ
896 1039 937 1070 γε
964 1031 1024 1063 καὶ
1050 1030 1094 1063 τὸ
1122 1030 1231 1064 κενὸν
1260 1030 1415 1073 ἄπειρον
1442 1033 1497 1072 τῷ
1524 1039 1585 1071 με·

173 1094 274 1136 γέθει
300 1095 417 1138 φησὶν
444 1094 635 1137 ὑπάρχειν,
676 1095 780 1129 οὕτω
806 1095 866 1129 καὶ
891 1096 982 1136 τοὺς
1011 1095 1051 1129 ἐν
1078 1096 1182 1139 αὐτῷ
1211 1096 1376 1136 κόσμους
1409 1094 1587 1138 ἀπείρους

174 1160 268 1195 εἶναι
294 1162 349 1203 τῷ
375 1158 519 1202 πλήθει.

176 1224 320 1258 Amxvs
344 1231 375 1257 11
394 1225 426 1262 1,
447 1223 467 1257 3
492 1234 527 1267 p.
541 1222 610 1257 327
629 1224 673 1257 D.
700 1223 809 1267 <Plan
828 1231 856 1256 ι]
880 1225 909 1262 1,
931 1224 948 1256 1
977 1224 1075 1258 Stob.
1095 1224 1162 1258 ecl.
1180 1224 1238 1267 ph.
1259 1223 1316 1262 22,
1332 1223 1369 1267 3)
1396 1223 1587 1266 Δημόκρι·

174 1300 241 1331 τος
266 1290 327 1325 καὶ
353 1287 570 1333 Ἐπίκουρος
602 1287 780 1332 ἀπείρους
813 1289 978 1330 κόσμους
1004 1289 1043 1323 ἑν
1069 1292 1124 1332 τῷ
1151 1288 1295 1333 ἀπείρῳ
1328 1289 1424 1324 κατὰ
1459 1291 1585 1323 πᾶσαν

173 1353 424 1398 περιαγωγὴν.

173 1420 371 1454 ΑοΗιῐ,Ι,1«“,8
397 1419 485 1460 isag.
513 1418 536 1452 8
560 1429 594 1462 p.
616 1418 698 1452 131ο
716 1419 792 1451 Pet.
829 1417 864 1452 οἳ
891 1418 957 1461 μὲν
985 1418 1079 1453 εἷναί
1106 1428 1141 1452 τι
1168 1418 1276 1459 ἐκτός
1300 1427 1428 1461 φασιν,
1462 1418 1586 1461 ὥςπερ

173 1485 232 1518 καὶ
251 1483 478 1527 Ἐπίκουρος,
506 1482 548 1524 ὃς
573 1484 633 1518 καὶ
660 1482 838 1527 ἀπείρους
864 1484 1028 1525 κόσμους
1054 1482 1273 1518 ὑποτίθεται
1301 1484 1340 1518 ἐν
1366 1482 1510 1527 ἀπείρῳ
1530 1486 1585 1527 τῷ

173 1551 281 1593 κενῷ.
343 1549 439 1581 idem
465 1549 486 1582 5
512 1559 546 1591 p.
566 1547 650 1581 130b
675 1546 892 1590 Ἐπίκουρος
918 1548 958 1582 δὲ
985 1548 1149 1589 πολλοὺς
1176 1549 1340 1589 κόσμους
1367 1546 1586 1582 ὑποτίθεται

173 1614 233 1648 καὶ
258 1614 280 1649 ὁ
307 1613 532 1654 διδάσκαλος
558 1613 677 1647 αὐτοῦ
705 1612 974 1656 Μητρόδωρος.

173 1676 337 1710 SERVIVS
362 1677 400 1709 in
418 1677 574 1709 Aeneid.
592 1683 605 1709 1
625 1676 696 1710 330
721 1676 808 1720 ‘quo
838 1677 904 1708 sub
931 1676 1046 1720 caelo]
1077 1702 1083 1709 .
1101 1704 1107 1710 .
1125 1703 1132 1709 .
1163 1677 1358 1709 secundum
1375 1677 1586 1720 EpicureOS,

173 1741 234 1784 qui
258 1741 380 1785 plures
407 1741 535 1774 uolunt
562 1752 641 1774 esse
667 1742 798 1780 caelos,
829 1748 867 1774 ut
893 1741 1018 1774 Cicero
1045 1742 1082 1773 in
1108 1741 1335 1775 Hortensio‘.

173 1805 313 1839 CICERO
341 1806 385 1838 de
410 1811 480 1839 nat.
508 1807 607 1840 deor.
633 1814 648 1839 Ι
673 1806 729 1845 24,
755 1807 799 1840 67
838 1806 920 1838 ‘sed
946 1806 1010 1838 ubi
1035 1806 1266 1850 (disciplinae
1291 1808 1506 1851 Epicureae)
1534 1812 1589 1839 est

174 1869 326 1903 ueritas?
365 1870 403 1903 in
427 1871 580 1909 mundis,
613 1871 733 1909 credo,
769 1870 1102 1908 innumerabilibus,
1130 1870 1296 1902 omnibus
1322 1870 1476 1903 minimis
1502 1875 1588 1902 tem-

173 1945 297 1978 porum
323 1936 464 1978 punctis
492 1936 572 1968 aliis
598 1936 839 1974 nascentibus,
867 1936 947 1968 aliis
977 1935 1226 1968 cadentibus?'

175 2000 221 2032 de
247 1999 377 2032 finibus
403 2007 420 2032 1
445 2001 478 2039 6,
498 2000 540 2033 21
581 2001 751 2033 ‘infinitio
785 2001 863 2054 ipga
890 2000 1079 2044 (Epicuri),
1119 2011 1224 2043 quam
1251 1998 1422 2043 ἀπειρίαν
1448 2004 1588 2039 uocant,

173 2069 247 2097 tota
266 2065 309 2096 ab
328 2064 395 2097 illo
414 2065 653 2109 (Democrito)
673 2072 738 2109 est,
765 2071 837 2098 tum
855 2065 1135 2098 innumerabiles
1160 2065 1295 2103 mundi,
1322 2065 1383 2108 qui
1411 2069 1446 2096 et
1472 2065 1587 2097 orian-

174 2133 230 2160 tur
256 2135 291 2162 et
314 2128 490 2162 intereant
515 2129 647 2162 cotidie
658 2129 677 2163 ‘.
1036 2172 1040 2175 ῃ

172 2191 382 2227 DJONYslvs
416 2194 607 2238 episcopus
632 2195 783 2227 Eusebii
811 2205 931 2238 praep.
959 2205 1012 2227 eu.
1032 2201 1101 2227 x1v
1119 2193 1177 2232 23,
1194 2193 1215 2226 2
1241 2205 1274 2237 p.
1294 2193 1382 2226 773·
1408 2193 1476 2234 τὰς
1502 2192 1588 2227 ἀτό-

172 2267 266 2300 μους
292 2285 300 2292 .
319 2284 328 2293 .
350 2284 358 2292 .
377 2285 385 2292 .
412 2258 578 2301 κόσμους
604 2258 782 2303 ἀπείρους
807 2259 1015 2293 ἀποτελεῖν.
1059 2258 1116 2296 26,
1137 2259 1181 2291 14
1206 2269 1241 2302 p.
1261 2258 1359 2291 781⁸.

173 2320 352 2356 HERMIAS
377 2324 468 2357 irris.
495 2323 628 2367 philos.
659 2324 702 2357 18
726 2334 761 2367 p.
782 2323 863 2363 656,
882 2323 902 2356 7
929 2323 1045 2356 Diels.
1083 2322 1284 2366 προκύψας
1311 2322 1352 2356 δέ
1380 2333 1441 2364 μοι
1470 2323 1587 2365 φησὶν

173 2385 406 2430 Ἐπίκουρος·
449 2388 497 2422 σὺ
522 2388 590 2430 μὲν
616 2388 662 2430 δὴ
689 2388 831 2430 κόσμον
858 2388 925 2422 ἕνα
953 2386 1196 2430 μεμέτρηκας,
1236 2385 1267 2419 ὦ
1294 2386 1471 2428 φιλότης
1516 2386 1587 2421 εἰσὶ

173 2451 214 2486 δὲ
241 2452 374 2495 κόσμοι
399 2453 533 2487 πολλοὶ
558 2453 618 2487 καὶ
645 2453 801 2496 ἄπειροι.
854 2453 896 2486 cf.
924 2457 1122 2484 commenta
1144 2451 1278 2484 Lucani
1304 2458 1344 2483 Vl
1371 2450 1452 2484 696.

174 2517 420 2550 Atnxmnnn
444 2518 612 2561 Aphrod.
638 2522 790 2561 quaestt.
815 2525 862 2551 111
886 2517 925 2550 12
943 2529 976 2561 p.
995 2517 1074 2555 199,
1089 2517 1136 2550 20
1154 2516 1285 2560 Speug.
1318 2515 1375 2550 ὅτι
1405 2515 1445 2550 δὲ
1471 2513 1588 2549 πλείω

298 2638 310 2670 1
334 2637 564 2683 ἑλέγξαντες]
591 2639 627 2673 ἐξ
653 2639 771 2681 αὐτῆς
794 2638 877 2671 libri
911 2637 927 2682 ΙΙ
967 2639 1009 2672 14
1028 2637 1268 2681 Δημόκριτος
1292 2638 1353 2671 καὶ
1370 2636 1588 2680 Ἐπίκουρος

174 2694 282 2733 Plut„
294 2695 440 2729 uberius
453 2696 553 2730 Stob.
577 2697 582 2739 Ι
608 2698 650 2730 16
666 2695 908 2740 περιαγωγὴν
923 2696 1023 2729 Stob.
1042 2694 1262 2739 περίστασιν
1276 2695 1370 2728 Plut.
1396 2696 1400 2737 Ι
1423 2695 1469 2728 22
1485 2697 1587 2728 Hort.

176 2753 218 2786 fr.
236 2753 281 2788 22
299 2754 388 2788 Bait.
430 2756 436 2798 Ι
475 2756 519 2789 33
546 2756 650 2788 omisi
675 2767 766 2802 quae
792 2756 892 2789 addit
919 2755 1083 2790 Hermias
1108 2766 1205 2790 more
1233 2766 1298 2789 suo
1324 2755 1502 2800 ineptiens
