1846 3288
231 273 277 306 60
833 273 1036 305 EPICVRI

231 388 364 438 μηθὲν
402 387 505 437 μήτε
537 388 613 436 τῆς
646 385 895 437 ἀφθαρσίας
933 384 1164 437 ἀλλότριον
1196 385 1300 436 μήτε
1331 387 1408 436 τῆς
1440 385 1644 436 μακαριό-

231 472 360 509 τητος
401 458 616 500 ἀνοίκειον
658 458 777 512 αὐτῷ
814 458 1057 509 πρόσαπτε·
1118 460 1204 499 πᾶν
1237 459 1284 499 δὲ.
1323 458 1372 498 τὸ
1411 457 1645 508 φυλάττειν

233 530 366 571 αὐτοῦ
406 530 648 580 δυνάμενον
680 530 758 580 τήν
790 531 895 579 μετὰ
935 529 1184 580 ἀφθαρσίας
1227 530 1518 580 μακαριότητα
1549 530 1646 581 περὶ

233 602 365 643 αὐτὸν
405 603 568 643 δόξαζε.
630 603 721 643 θεοὶ
761 604 836 652 μὲν
875 603 956 653 γὰρ
996 601 1120 644 εἰσίν·
1168 603 1354 653 ἐναργὴς
1385 603 1467 653 γὰρ
1500 603 1645 644 αὐτῶν

233 673 350 714 ἐστιν
381 673 406 723 ἡ
438 675 611 724 γνῶσις.
658 673 778 724 οἵους
811 673 845 715 δ’
881 674 1042 723 αὐτοὺς
1072 672 1167 726 <οἱ>
1197 675 1352 716 πολλοὶ
1383 676 1645 725 νομίζουσιν,

233 745 311 787 οὐκ
351 745 479 787 εἰσίν·
532 746 582 786 οὐ
625 746 706 796 γὰρ
746 746 1045 796 φυλάττουσιν
1087 746 1247 796 αὐτοὺς
1290 747 1410 797 οἵους
1451 750 1645 789 νοοῦσιν.

232 819 396 870 ἀσεβὴς
427 820 473 860 δὲ
506 818 586 869 οὐχ
617 818 641 859 ὁ
673 819 776 869 τοὺς
809 821 896 859 τῶν
927 821 1104 860 πολλῶν
1135 819 1265 869 θεοὺς
1302 818 1505 871 ἀναιρῶν,
1553 819 1645 861 ἀλλ’

232 891 256 933 ὁ
288 892 365 942 τὰς
397 894 484 932 τῶν
514 894 691 933 πολλῶν
723 892 854 942 δόξας
886 894 1003 942 θεοῖς
1033 892 1312 942 προσάπτων.
1346 892 1397 933 οὐ
1429 894 1512 943 γὰρ
1542 906 1646 944 προ-

233 964 387 1015 λήψεις
419 964 528 1006 εἰσὶν
561 963 652 1005 ἀλλ’
676 963 920 1015 ὑπολήψεις
952 966 1130 1015 ψευδεῖς
1152 963 1194 1005 αἱ
1215 967 1303 1005 τῶν
1333 967 1509 1006 πολλῶν
1541 965 1647 1016 ὑπὲρ

232 1039 345 1078 θεῶν
384 1035 643 1087 ἀποφάσεις,
691 1036 816 1078 ἔνθεν
855 1036 896 1077 αἱ
934 1037 1130 1087 μέγισται
1167 1037 1321 1088 βλάβαι
1359 1051 1405 1078 τε
1444 1040 1535 1088 τοῖς
1576 1051 1647 1079 κα-

233 1111 323 1159 κοῖς
369 1109 416 1150 ἐκ
461 1111 572 1150 θεῶν
619 1109 855 1159 ἐπάγονται
902 1110 970 1150 καὶ
1018 1109 1224 1160 ὠφέλειαι
1269 1108 1388 1162 <τοῖς
1431 1109 1648 1163 ἀγαθοῖς).

233 1184 325 1232 ταῖς
371 1182 452 1232 γὰρ
498 1181 621 1232 ἰδίαις
668 1181 954 1232 οἰκειούμενοι
998 1182 1067 1223 διὰ
1113 1182 1278 1232 παντὸς
1324 1181 1498 1232 ἀρεταῖς
1545 1183 1648 1233 τοὺς

234 1255 413 1305 ὁμοίους
451 1254 752 1305 ἀποδέχονται,
800 1256 884 1296 πᾶν
922 1255 972 1295 τὸ
1005 1255 1058 1305 μὴ
1091 1257 1293 1295 τοιοῦτον
1325 1253 1386 1304 ὡς
1418 1253 1649 1306 ἀλλότριον

233 1327 494 1378 νομίζοντες.

346 1401 547 1442 Συνέθιζε
580 1401 627 1441 δὲ
668 1403 713 1441 έν
751 1404 811 1454 τῷ
850 1401 1036 1450 νομίζειν
1076 1402 1208 1450 μηδὲν
1246 1401 1356 1451 πρὸς
1397 1401 1508 1451 ἡμᾶς
1541 1399 1648 1441 εἶναι

233 1474 309 1514 τὸν
348 1472 555 1514 θάνατον·
607 1473 699 1513 ἐπεὶ
737 1475 821 1513 πᾶν
861 1472 1027 1521 ἀγαθὸν
1068 1473 1137 1514 καὶ
1174 1473 1306 1514 κακὸν
1350 1475 1396 1514 ἑν
1427 1472 1647 1522 αἰσθήσει·

234 1547 438 1597 στέρησις
476 1548 523 1587 δὲ
562 1547 681 1587 ἐστὶν
723 1545 971 1596 αἰσθήσεως
1015 1546 1038 1587 ὸ
1081 1546 1280 1596 θάνατος.
1346 1547 1447 1588 ὅθεν
1487 1548 1648 1596 γνῶσις

231 1619 337 1670 ὀρθὴ
365 1621 441 1661 τοῦ
475 1620 608 1669 μηθὲν
641 1618 747 1660 εἶναι
779 1619 888 1670 πρὸς
920 1618 1031 1668 ἡμᾶς
1054 1619 1130 1659 τὸν
1153 1619 1343 1660 θάνατον
1367 1618 1649 1660 ἀπολαυστὸν

232 1694 345 1733 ποιεῖ
375 1692 424 1732 τὸ
459 1694 534 1741 τῆς
567 1693 680 1741 ζωῆς
712 1691 882 1740 θνητόν,
915 1691 994 1732 οὐκ
1025 1690 1204 1742 ἄπειρον
1236 1693 1519 1742 προστιθεῖσα
1551 1690 1649 1742 χρό-

231 1778 309 1806 νον
349 1764 459 1806 ἀλλὰ
499 1766 576 1807 τὸν
615 1767 691 1816 τῆς
732 1765 975 1815 ἀθανασίας
1018 1764 1267 1816 ἀφελομένη
1308 1765 1458 1806 πόθον.
1519 1764 1649 1806 οὐθὲν

353 1923 375 1954 4
390 1922 507 1956 αὐτοῦ
522 1923 682 1954 Cobetus
705 1922 710 1966 Ι
734 1923 882 1954 alterum
897 1921 980 1965 γὰρ]
996 1922 1062 1963 μὲν
1081 1922 1152 1965 γὰρ
1166 1921 1233 1953 P¹s
1249 1921 1289 1955 δέ
1305 1923 1334 1953 F
1356 1922 1359 1964 Ι
1384 1922 1510 1956 αὐτῶν
1530 1920 1649 1964 ἐστιν]

234 1981 335 2014 ἐστιν
363 1981 490 2014 αὐτῶν
516 1981 565 2012 Ff
608 1980 623 2024 ΙΙ
672 1981 692 2013 ἴ)
719 1980 754 2014 οἱ
781 1981 912 2014 πολλοὶ
940 1981 1163 2013 Gassendus:
1191 1981 1324 2014 πολλοὶ
1346 1977 1431 2011 ‘libri
1474 1979 1489 2022 ΙΙ
1530 1980 1551 2012 6
1578 1979 1650 2022 γὰρ

232 2039 449 2081 νομίζουσιν
468 2041 607 2080 αὐτοὺς
626 2040 729 2080 οἵους
747 2039 1004 2081 φυλάττουσιν
1021 2040 1064 2071 F¹
1089 2040 1093 2080 Ι
1116 2039 1282 2082 νοοῦσιν]Ι
1298 2038 1514 2080 νομίζουσιν
1532 2036 1649 2080 (νομί-

233 2101 340 2134 Ζουσι
350 2100 394 2141 Β)
410 2100 503 2131 libri.
523 2100 566 2131 cs.
584 2099 817 2130 Philodemus
834 2109 872 2131 π.
892 2099 1012 2140 εὐσεβ.
1028 2111 1060 2141 p.
1078 2100 1144 2131 114
1162 2100 1287 2140 Gomp.
1309 2103 1343 2129 et
1362 2108 1467 2140 supra
1487 2108 1520 2139 p.
1533 2096 1590 2134 59,
1605 2097 1647 2128 17

233 2159 257 2200 ἡ
283 2159 389 2199 κοινὴ
416 2161 485 2192 τοῦ
513 2159 602 2192 θεοῦ
630 2158 768 2200 νόησις.
813 2158 938 2190 uitium
966 2158 1077 2190 sensit
1103 2157 1372 2189 Schoemannus
1400 2166 1522 2198 opusc.
1550 2155 1648 2187 acad.

234 2225 271 2249 lv
291 2228 325 2260 p.
341 2217 410 2249 336
447 2217 461 2259 [Ι
504 2218 522 2249 7
552 2216 618 2257 ὁχὸ
644 2217 734 2257 τοὺς
761 2216 925 2256 πολλοὺς
951 2217 1014 2247 sed
1040 2226 1097 2256 mg
1122 2225 1168 2258 γρ
1195 2215 1284 2255 τοὺς
1312 2217 1389 2248 τῶν
1416 2215 1567 2247 πολλῶν
1585 2213 1614 2244 F
1640 2210 1650 2256 ΙΙ

234 2276 256 2308 8
282 2275 490 2318 προάπτων
517 2274 630 2319 (ΡἋΪ)
671 2273 687 2319 ΙΙ
729 2275 749 2307 9
778 2274 954 2309 ιευδὶσαι
982 2275 1026 2306 Ρι
1061 2275 1135 2315 δεῖς
1161 2274 1198 2308 αἱ
1225 2275 1289 2306 sed
1315 2284 1372 2314 mg
1399 2272 1551 2315 ψευδεῖς
1577 2272 1613 2303 Η
1639 2280 1650 2315 ΙΙ

237 2335 281 2367 10
307 2334 436 2376 βλάβαι
453 2335 511 2378 τε]
531 2334 659 2376 βλάβαι
687 2334 800 2368 αἴτιαι
818 2335 901 2366 libri
936 2333 950 2376 ΙΙ
990 2335 1027 2366 11
1050 2333 1243 2374 ἑπίγονται
1261 2334 1305 2364 13³
1334 2330 1573 2375 ἑπ[ἀ]γονται
1591 2331 1620 2362 Ρ
1646 2328 1650 2371 Ι

234 2396 312 2434 τοῖς
339 2393 493 2434 ἀγαθοῖς
519 2394 656 2425 addidit
686 2394 906 2430 Gassendus,
938 2393 980 2425 cf.
1001 2392 1236 2424 Philodemus
1260 2392 1283 2423 1.
1305 2406 1330 2424 ³.
1356 2403 1390 2433 p.
1409 2391 1486 2423 100.
1501 2389 1557 2423 97.
1587 2389 1649 2421 sed

235 2463 361 2484 uereor
388 2463 431 2484 ne
458 2453 526 2484 hoc
556 2454 771 2484 enuntiatum
798 2453 907 2486 ἐνθεν
1040 2451 1195 2492 ἀγαθοῖς
1222 2462 1262 2482 ex
1291 2451 1362 2482 alio
1382 2449 1530 2492 Epicuri
1554 2448 1649 2480 libro

236 2511 320 2543 oum
340 2512 376 2543 in
394 2513 552 2552 margine
571 2511 775 2554 adpositum
797 2512 901 2542 suerit
935 2510 950 2552 ΙΙ
989 2510 1030 2542 12
1055 2509 1148 2550 wig}
1168 2510 1227 2542 καὶ
1246 2510 1274 2540 F
1297 2509 1302 2551 Ι
1326 2507 1532 2548 διαπαντὸς
1549 2507 1617 2538 ΒΗ
1648 2544 1650 2546 ,

239 2570 280 2602 13
309 2571 584 2612 οὐποδέχονται
612 2571 656 2601 F¹
689 2571 692 2611 Ι
725 2570 901 2612 ἀλότριον
927 2570 962 2601 Η
1002 2570 1017 2610 ΙΙ
1063 2569 1108 2601 14
1132 2568 1350 2610 νομίζοντες
1376 2567 1436 2598 uix
1465 2571 1651 2597 excusatur

237 2630 399 2671 exemplo
428 2630 587 2661 Platonis
616 2629 747 2669 leg.1x
765 2640 798 2671 p.
819 2629 906 2661 879ρ
934 2627 1001 2661 τὸν
1029 2628 1070 2661 δὲ
1096 2627 1310 2670 προέχοντα
1338 2625 1478 2659 εἴκοσιν
1508 2623 1651 2667 ἡλικίας

237 2688 358 2721 ἔτεσιν
479 2688 642 2729 νομίζων
671 2688 721 2728 ὡς
747 2687 892 2729 πατέρα
920 2687 941 2728 ἢ
971 2687 1113 2729 μητέρα
1147 2684 1424 2727 διευλαβείσθω.
1466 2689 1649 2726 exspectes

235 2747 383 2778 uerbum
411 2746 600 2788 spernendi
643 2746 657 2789 ΙΙ
704 2746 745 2779 16
773 2746 832 2779 ἐπὶ
859 2745 904 2777 P¹
945 2744 961 2787 ΙΙ
1008 2747 1047 2778 17
1077 2745 1178 2778 ἔστιν
1204 2745 1238 2775 H
1280 2741 1296 2787 ΙΙ
1342 2744 1384 2775 18
1410 2745 1479 2776 τοῡ
1508 2753 1565 2773 om
1593 2742 1608 2773 s
1642 2744 1644 2765 ἰ

239 2804 281 2837 19
307 2805 462 2848 ἄπειρον
489 2805 693 2846 Menagius:
723 2806 867 2848 ἄπορον
890 2804 974 2836 libri
1007 2803 1022 2847 ΙΙ
1056 2803 1102 2836 20
1127 2805 1196 2844 τῆς
1223 2813 1279 2834 orn
1305 2802 1345 2844 fl
1369 2801 1595 2844 ἀφελωμένη
1623 2801 1652 2831 F

1675 898 1743 931 124

1674 1053 1705 1077 10

1676 1414 1706 1439 15

1679 1773 1744 1806 125
