1846 3288
464 218 531 253 DE
557 217 812 252 CICERONE
836 215 1154 252 PHILOSOPHO
1375 215 1445 249 Lx
1450 213 1520 249 vn

105 328 246 377 haberi
268 332 440 376 solitas?
467 335 536 385 qui
560 346 654 373 cum
671 334 763 373 sciri
778 345 864 373 non
886 345 1010 384 posse
1029 334 1243 384 docerent,
1262 343 1366 372 unus
1388 332 1518 371 disse·

105 405 224 444 rendi
256 404 405 443 modus
425 403 602 441 maxime
621 402 881 440 necessarius
913 408 1014 454 erat,
1043 406 1089 440 ut
1120 412 1242 452 quem
1263 412 1440 450 cumque
1463 401 1520 438 lo-

105 484 201 511 cum
240 476 476 515 tractarent,
521 470 773 508 celeberrimi
803 470 998 520 cuiusque
1028 468 1261 519 philosophi
1292 468 1519 506 sententias

104 540 226 579 falsas
252 550 344 578 esse
373 538 625 577 euincerent.
684 538 821 576 facere
851 538 931 576 hoc
967 550 1051 576 non
1087 542 1279 587 poterant
1307 536 1385 574 nisi
1414 547 1520 586 quo·

106 608 203 647 dam
233 606 528 646 sententiarum
559 617 609 644 ex
631 605 958 654 dogmaticorum
980 605 1088 643 libris
1120 605 1362 644 selectarum
1390 615 1518 655 appa-

105 680 196 714 ratu
224 673 425 713 instructi.
484 673 598 723 quod
628 674 697 723 qui
736 684 887 722 negare
922 674 1033 723 uelit,
1071 673 1110 711 ei
1149 672 1519 711 demonstrandum

103 743 181 782 erit
196 741 458 782 Carneadem
488 753 573 779 non
604 741 716 791 apud
747 741 896 779 doctos
923 746 1256 790 argumentorum
1286 740 1326 778 ui
1347 739 1516 786 uictrici,

102 811 179 849 sed
225 811 338 861 apud
375 809 569 848 indoctos
607 808 846 858 eloquentia
885 820 934 846 ac
972 807 1129 846 facetiis
1168 808 1360 847 ualuisse.
1416 808 1519 858 ,quin

102 878 226 917 etiam
264 877 425 927 longius
467 876 661 930 progredi
711 875 819 914 licet.
882 876 985 913 illud
1030 875 1326 915 sententiarum
1373 882 1518 916 contra

102 957 205 996 quas
226 945 494 995 pugnandum
517 949 629 982 esset
658 943 973 981 instrumentum
1002 956 1087 981 non
1118 944 1251 982 solum
1272 944 1517 994 philosopho

101 1013 331 1058 disserenti,
375 1012 452 1051 sed
497 1012 622 1050 etiam
669 1011 878 1062 discipulis
915 1011 1177 1049 audientibus
1215 1018 1385 1062 praesto
1425 1024 1517 1051 esse

100 1081 293 1131 oportuit.
353 1092 403 1118 ac
442 1080 634 1118 nouimus
675 1079 796 1128 quale
833 1078 963 1118 fuerit.
1021 1079 1063 1116 in
1107 1080 1239 1118 altero
1280 1081 1335 1117 de
1369 1087 1518 1119 natura

102 1148 276 1186 deorum
307 1147 410 1185 libro
439 1152 483 1185 ut
513 1147 688 1197 primurn
719 1146 952 1196 theologiae
973 1145 1135 1184 Stoicae
1168 1152 1289 1198 caput
1326 1160 1402 1185 esse
1430 1149 1519 1186 deos

100 1214 290 1265 explicet,
335 1215 447 1253 locos
480 1226 528 1252 ex
559 1210 811 1252 Posidoni01
852 1220 1004 1252 temere
1033 1220 1219 1264 arreptos
1252 1227 1346 1253 cum
1379 1215 1516 1253 enchi—

101 1282 193 1321 ridii
224 1283 325 1321 illius
355 1282 595 1327 academici,
627 1293 710 1331 quo
740 1281 914 1319 fortasse
944 1281 1033 1331 ipse
1064 1282 1312 1321 adulescens
1344 1283 1516 1322 Athenis

101 1361 201 1388 usus
233 1355 335 1400 erat,
365 1348 544 1400 reliquiis
565 1349 820 1399 ineptissime
838 1349 1002 1388 miscet:
1036 1349 1129 1388 hinc
1154 1351 1348 1388 discimus
1377 1352 1526 1404 enchi--

100 1417 235 1455 ridion
270 1417 370 1455 illud
413 1418 524 1467 quod
555 1415 792 1455 Carneades
822 1417 1032 1467 discipulis
1067 1425 1286 1467 parauerat
1315 1420 1372 1457 ita
1403 1419 1517 1458 insti·

100 1490 236 1523 tutum
267 1485 406 1535 fuisse,
439 1491 483 1523 ut
505 1485 581 1524 sub
603 1485 769 1534 singulis
797 1485 1001 1534 capitibus
1033 1487 1264 1524 sententiae
1295 1493 1367 1525 aut
1397 1499 1517 1537 argu·

100 1553 377 1592 mentationes
414 1553 613 1603 deinceps
652 1553 830 1591 Zenonis
875 1551 1084 1591 Cleanthis
1130 1552 1356 1604 Chrysippi,
1401 1555 1515 1593 nullo

100 1620 247 1670 opinor
276 1620 405 1658 uerbo
436 1620 596 1665 addito,
631 1617 975 1670 adponerentur2.
1036 1627 1078 1658 et
1109 1632 1203 1659 cum
1234 1621 1352 1660 huius
1376 1622 1514 1662 enchi-

219 1774 239 1809 1
264 1775 453 1808 Posidonii
478 1779 572 1808 certa
600 1775 749 1817 uestigia
766 1775 1035 1819 conspiciuntur
1061 1777 1094 1816 6,
1117 1776 1159 1811 17
1187 1778 1244 1810 An
1272 1790 1317 1811 ne
1341 1781 1408 1813 hoc
1435 1781 1514 1825 qui-

99 1835 177 1867 dem
194 1861 202 1869 .
218 1861 227 1869 .
243 1861 250 1869 .
267 1861 275 1869 .
291 1837 462 1868 collocati
483 1837 560 1868 sint
584 1835 628 1869 cf.
647 1836 695 1869 R.
710 1835 834 1867 Hirzel
861 1842 1000 1869 unters.
1022 1844 1049 1869 n
1067 1847 1100 1879 p.
1120 1836 1191 1871 892
1205 1848 1282 1882 sqq.
1310 1839 1399 1873 Har.
1413 1839 1515 1874 Fow·

97 1891 148 1926 let
179 1893 217 1926 in
242 1893 399 1926 Panaetii
432 1898 466 1926 et
492 1895 690 1926 Hecatonis
723 1895 844 1936 fragm.
870 1905 904 1938 p.
925 1894 983 1929 42.
1024 1894 1074 1929 ib.
1102 1896 1146 1929 18
1175 1897 1251 1931 init.
1278 1898 1370 1933 conl.
1396 1899 1514 1933 Laert.

96 1950 204 1993 Diog.
229 1961 286 1986 vn
306 1951 385 1986 143.
425 1951 525 1993 7,19
553 1953 595 1986 de
621 1959 720 1986 aestu
745 1954 918 1986 maritimo
946 1954 990 1987 cs.
1011 1954 1135 1988 Posid
1161 1956 1266 1988 Bakii
1293 1967 1327 2000 p.
1350 1957 1417 1992 103
1434 1968 1514 2002 sqq.

98 2009 153 2051 15,
171 2010 326 2054 42—16,
344 2011 392 2046 44
416 2011 459 2046 cf.
486 2012 575 2046 ibid.
594 2013 628 2051 (3,
650 2012 704 2047 17.
744 2013 859 2081 eidem
884 2013 1078 2059 disputatio
1104 2014 1137 2053 9,
1157 2014 1377 2055 23—12,32
1399 2017 1514 2050 uindi-

97 2071 210 2104 cauda
235 2077 300 2105 est.

214 2128 239 2164 2
262 2133 346 2173 post
370 2129 644 2174 disputationem
676 2132 826 2165 ieiunam
859 2142 975 2175 neque
1003 2132 1093 2166 adeo
1120 2133 1344 2177 eloquentem
1371 2134 1420 2178 (2,
1439 2135 1507 2170 4-

94 2186 130 2232 4,
145 2186 206 2231 12)
230 2186 355 2221 Cicero
374 2188 573 2222 enchiridio
599 2190 650 2222 uti
676 2192 806 2234 coepit.
846 2196 879 2224 et
905 2191 952 2224 ita
978 2192 1086 2224 utitur
1105 2198 1142 2225 ut
1168 2193 1292 2236 supina
1317 2194 1510 2237 neglegen-

95 2245 143 2279 tia
168 2256 312 2280 securus
338 2256 419 2280 esse
444 2247 532 2281 deos
555 2249 858 2284 demonstraturus
872 2250 1051 2284 Cleanthis
1070 2252 1280 2286 sententiam
1299 2263 1341 2286 ex
1368 2254 1511 2288 diuerso

96 2304 209 2348 capite
234 2309 410 2348 sumptam
434 2304 469 2344 5,
488 2306 629 2341 13—15
656 2308 856 2352 interponat
883 2313 1060 2353 tamquam
1085 2320 1220 2343 nouum
1253 2317 1510 2357 argumentum.

94 2360 162 2395 hae
188 2362 260 2396 fere
284 2363 382 2396 illius
409 2364 528 2398 libelli
553 2366 722 2410 reliquiae
749 2379 768 2400 a
793 2368 963 2402 Cicerone
992 2376 1185 2404 semautur:
1215 2380 1290 2414 cap.
1315 2380 1326 2404 1
1353 2370 1511 2407 Πόθεν

95 2420 282 2457 ἔννοιαν
309 2422 450 2466 ἔσχον
475 2425 594 2460 θεῶν
620 2425 866 2470 ἄνθρωποι
891 2427 951 2471 (cf.
972 2428 1067 2462 Plut.
1085 2428 1177 2472 plac.
1195 2428 1284 2473 phil.
1309 2440 1323 2463 1
1345 2430 1367 2465 6
1385 2430 1512 2465 Sextus

97 2479 177 2514 adu.
202 2479 309 2514 math.
334 2490 376 2515 1x
401 2481 478 2527 48):
508 2483 698 2518 Cleanthes
723 2495 815 2518 unus
840 2485 874 2524 5,
897 2485 1054 2530 13-153
1087 2496 1117 2521 11
1144 2485 1183 2522 εἰ
1209 2485 1301 2523 εἰσί
1327 2487 1426 2524 Θεοί
1454 2490 1511 2531 (cf.

95 2537 219 2572 Sextus
244 2538 268 2573 l.
294 2540 353 2582 ε.);
378 2540 513 2575 omisso
538 2543 681 2577 Zenone
704 2549 739 2577 et
753 2544 926 2578 Cleanthe
947 2544 1110 2588 (fortasse
1138 2556 1159 2579 a
1180 2547 1341 2580 secundo
1367 2553 1512 2582 auctore

94 2596 196 2641 primi
222 2597 347 2642 capitis
379 2598 425 2632 ad
460 2601 598 2635 tertium
633 2603 782 2636 secundi
811 2603 943 2637 inuitus
969 2603 1105 2638 delatus
1129 2605 1215 2647 erat)
1240 2606 1358 2639 statim
1385 2606 1510 2640 Cicero

96 2655 285 2700 Chrysippi
310 2660 631 2700 argumentationes
658 2665 727 2695 tres
752 2663 920 2707 proponit
947 2662 1053 2703 6,16
1078 2663 1225 2708 primam
1256 2665 1302 2698 Sa·
1311 2667 1448 2705 enim.
1471 2692 1478 2700 .
1498 2692 1506 2700 .

95 2724 206 2758 quaen
231 2715 335 2748 deum
366 2715 426 2762 (cf.
452 2727 498 2753 111
525 2718 582 2762 10,
605 2718 663 2755 25.
690 2720 724 2765 7,
745 2719 818 2766 17),
853 2721 1000 2756 alteram
1033 2722 1260 2766 apagogieam
1285 2721 1333 2755 ab
1366 2722 1439 2761 ina
1472 2729 1509 2758 ut

96 2772 271 2808 scribebat
295 2774 457 2810 celeriter
482 2787 522 2810 ae
548 2782 689 2824 temere,
714 2789 759 2812 ne
778 2778 951 2824 disiunxit
975 2780 1122 2826 quidem
1137 2781 1285 2816 Etenim
1310 2784 1347 2816 si
1371 2784 1413 2817 dr
1432 2794 1509 2822 non

1480 2875 1526 2900 e.
