1842 3250
707 252 913 285 EPICVRI
940 251 1202 285 CANONICA
1595 252 1662 286 187

248 367 320 410 τὴν
345 367 474 403 δόξαν·
506 366 601 408 ῶςτε
628 366 661 402 εἰ
686 368 876 408 ταύταις
903 367 1161 409 ἑπομένους
1184 366 1532 410 ἀποφαίνεσθαι
1558 368 1662 411 περὶ

248 434 338 467 τῶν
371 431 500 472 ἐκτὸς
531 432 738 470 κελεύουσι,
777 435 845 474 τῆς
877 432 986 474 δόξης
1018 431 1128 475 κρίμα
1154 432 1198 466 τό
1225 433 1330 473 εἶναι,
1369 433 1439 475 τῆς
1465 432 1506 466 δέ
1532 431 1662 475 αἰσθή-

249 504 347 537 σεως
371 495 492 537 πάθος
524 496 571 530 τὸ
602 496 836 538 φαινόμενον
867 499 1067 537 ποιοῦντες
1099 496 1174 531 ἀπὸ
1207 499 1277 531 τοῦ
1309 496 1463 538 πάντως
1497 497 1663 540 ἀληθοῦς

248 560 319 603 τὴν
346 558 468 604 κρίσιν
494 559 554 594 ἐπὶ
580 560 625 594 τὸ
652 560 855 595 διαπῖπτον
880 561 1058 602 πολλάκις
1086 560 1376 604 μεταφέρουσιν.

152 641 225 676 253
368 639 517 676 Βκκτνε
543 651 634 685 emp.
664 642 744 675 adu.
772 641 927 684 dogmat.
955 650 984 676 11
1013 642 1133 683 (math.
1163 644 1249 686 vm)
1277 642 1322 677 63
1343 653 1394 686 sq.
1445 644 1466 678 ὁ
1499 642 1540 678 δὲ
1567 641 1662 679 Ἐπί·

249 715 385 752 κουρος
410 705 516 747 ἔλεγε
542 706 610 748 μὲν
634 705 759 742 πάντα
785 706 832 742 τὰ
860 706 1021 751 αἰσθητὰ
1055 701 1299 751 εἶναιάληθῆ
1325 709 1386 744 καὶ
1412 709 1539 743 πᾶσαν
1566 717 1660 751 φαν-

206 783 208 785 ·
247 768 383 805 τασίαν
408 769 485 805 ἀπὸ
510 771 749 815 ὑπάρχοντος
776 773 870 807 εἶναι
897 773 958 807 καὶ
983 773 1166 815 τοιαύτην
1192 773 1327 807 ὁποῖόν
1353 773 1434 807 ἐστι
1459 773 1505 807 τὸ
1531 775 1662 807 κινοῦν

247 835 319 878 τὴν
352 834 538 879 αἴσθησιν,
577 837 791 870 πλανᾶσθαι
819 836 859 870 δὲ
886 837 977 878 τοὺς
1013 837 1118 878 τινὰς
1156 838 1223 879 μέν
1249 839 1327 872 τῶν
1354 839 1578 880 φαντασιῶν
1604 839 1660 873 λέ-

246 910 386 942 γοντας
419 900 578 943 ἀληθεῖς,
616 901 720 942 τινὰς
747 901 788 935 δέ
814 900 966 943 ψευδεῖς
997 902 1098 945 παρὰ
1125 902 1170 935 τὸ
1196 902 1246 944 μή
1274 902 1456 937 δύνασθαι
1490 901 1662 946 χωρίζειν

193 972 226 997 ιο
248 964 360 999 δόξαν
388 964 463 999 ἀπὸ
493 963 696 1008 ἐναργείας.
742 966 802 999 ἐπὶ
830 968 923 1006 γοῦν
952 968 1021 1000 τοῦ
1051 965 1243 1009 Ὀρέστου,
1270 967 1334 1001 ὅτε
1363 967 1484 1002 ἐδόκει
1513 969 1662 1010 βλέπειν
1724 967 1728 971 ”

246 1028 315 1070 τὰς
341 1029 515 1073 Ἐρινύας,
556 1029 578 1072 ἡ
606 1030 673 1071 μὲν
701 1029 872 1072 αἴσθησις
904 1029 969 1065 ὑπ’
996 1029 1164 1065 εἰδώλων
1199 1032 1400 1074 κινουμένη
1436 1032 1578 1075 ἀληθὴς
1615 1032 1661 1075 ῆν

247 1093 439 1137 (ὑπέκειτο
458 1094 529 1138 γὰρ
554 1094 603 1128 τὰ
626 1093 789 1138 εἴδωλα),
817 1095 838 1129 ὁ
865 1095 905 1129 δέ
931 1098 1020 1136 νοῦς
1046 1095 1218 1137 οἰόμενος
1245 1096 1302 1130 ὅτι
1330 1095 1540 1139 στερέμνιοί
1567 1096 1660 1131 εἰσιν

247 1155 408 1201 Ἐρινύες
434 1157 685 1200 ἑψευδοδόξει.
714 1158 774 1191 καὶ
802 1157 933 1199 ἄλλως,
961 1157 1090 1200 φησίν,
1118 1157 1152 1191 οἱ
1179 1159 1445 1201 προειρημένοι
1468 1163 1546 1194 τῶν
1565 1171 1660 1203 φαν-

247 1223 389 1256 τασιῶν
424 1222 611 1265 διαφορὰν
644 1221 861 1264 εἰσάγοντες
894 1222 963 1256 οὐκ
997 1221 1168 1265 ἰσχύουσι
1195 1224 1458 1258 πιστώσασθαι
1485 1225 1530 1259 τὸ
1555 1226 1660 1267 τινὰς

193 1292 223 1318 15
247 1286 314 1329 μὲν
340 1287 468 1321 αὐτῶν
501 1286 650 1330 ἀληθεῖς
683 1288 863 1330 ὑπάρχειν
895 1289 999 1329 τινὰς
1031 1288 1071 1322 δὲ
1102 1289 1271 1330 ψευδεῖς·
1313 1289 1402 1324 οὔτε
1428 1289 1501 1333 γὰρ
1524 1300 1658 1332 φαινο-

245 1350 348 1396 μένῳ
381 1351 571 1386 διδάξουσι
608 1352 653 1386 τὸ
684 1355 861 1387 τοιοῦτον
895 1353 1076 1396 (Ζητεῑται
1110 1354 1181 1396 γὰρ
1217 1354 1264 1387 τὰ
1298 1355 1526 1395 φαινόμενα)
1566 1357 1655 1391 οὔτε

246 1415 375 1461 ἀδήλῳ
400 1416 478 1460 (διὰ
504 1417 737 1459 φαινομένου
764 1417 837 1461 γὰρ
862 1416 1005 1460 ὀφείλει
1031 1418 1075 1452 τὸ
1103 1419 1244 1461 ἄδηλον
1271 1418 1593 1463 ἀποδείκνυσθαι).

150 1497 222 1531 254
367 1496 621 1532 PLVTARCHVS
642 1500 720 1532 adu.
740 1499 895 1532 Coloten
914 1500 959 1534 28
977 1512 1011 1543 p.
1029 1500 1139 1535 1123¹³
1164 1504 1284 1535 ταῦτα
1312 1501 1440 1543 μέντοι
1459 1503 1518 1536 καί
1537 1503 1658 1537 πολλὰ

245 1563 396 1597 τούτων
427 1563 538 1607 ἕτερα
569 1564 828 1608 τραγικώτερα
853 1568 932 1606 τοῖς
959 1565 1251 1607 Ἐμπεδοκλέους
1278 1566 1428 1601 ἐοικότα
1455 1567 1658 1610 ’τεράσμα-

188 1636 222 1661 20
247 1627 323 1663 σιν’
351 1628 406 1662 ὧν
426 1630 683 1670 καταγελῶσιν
710 1656 717 1663 .
736 1657 741 1662 .
759 1656 789 1663 ..
818 1630 878 1663 καὶ
896 1629 980 1664 τίνα
1003 1630 1075 1674 γάρ
1102 1631 1171 1665 οὐκ
1191 1631 1279 1672 ὄψιν
1307 1631 1329 1673 ἢ
1356 1632 1471 1673 φύσιν
1493 1633 1659 1675 ἔκφυλον

246 1691 298 1734 εἰς
330 1692 450 1728 ταύτὸ
486 1693 778 1735 συνενεγκόντες
810 1694 850 1728 ἑκ
882 1696 961 1728 τῶν
995 1694 1184 1731 ἐνυπνίων
1220 1696 1279 1729 καὶ
1310 1698 1389 1729 τῶν
1424 1699 1660 1740 παρακοπῶν

246 1757 358 1793 οὐδὲν
386 1757 482 1793 εἷναί
507 1768 602 1801 φασι
632 1760 835 1802 παρόραμα
867 1760 1017 1793 τούτων
1050 1758 1140 1794 οὐδὲ
1166 1761 1307 1803 ψεῦδος
1333 1760 1413 1796 οὐδ’
1442 1760 1661 1796 ἀσύστατον

246 1821 339 1857 ἀλλὰ
364 1822 627 1865 φαντασίας
651 1823 836 1867 ἀληθεῖς
863 1824 1043 1865 ἁπάσας
1070 1826 1143 1859 καί
1169 1826 1357 1868 σώματα
1385 1827 1455 1860 καὶ
1483 1826 1666 1870 μορφὰς

246 1887 293 1922 ἐκ
318 1890 401 1922 τοῦ
431 1888 733 1933 περιέχοντος
759 1888 1105 1931 ἀφικνουμένας
1136 1917 1215 1924 ....
1245 1893 1365 1924 ταῦτα
1384 1891 1567 1935 ὑπάρχειν
1584 1891 1661 1929 ἀπὸ

187 1960 222 1986 25
245 1952 415 1995 σπουδῆς
440 1952 639 1996 τιθέμενοι,
676 1955 816 1995 μᾶλλον
844 1954 884 1988 δέ
911 1954 1018 1995 ὅλως,
1056 1954 1087 1989 εἰ
1113 1957 1233 1989 ταῦτα
1258 1955 1307 1997 μὴ
1334 1955 1507 1998 ὑπάρχοι,
1534 1955 1661 1991 πίστιν

244 2012 412 2059 οἴχεσθαι
438 2018 498 2052 καὶ
529 2018 753 2061 βεβαιότητα
781 2018 841 2052 καί
867 2017 987 2061 κρίσιν
1014 2017 1189 2062 ἀληθείας
1220 2019 1434 2062 φάσκοντες
1460 2021 1569 2054 αὐτοὶ
1596 2030 1660 2054 κα-

245 2081 495 2124 ταβάλλουσιν
522 2080 574 2124 εἰς
603 2061 772 2125 ἀφασίαν
798 2081 923 2117 πάντα
949 2082 1162 2126 πράγματα.

292 2225 328 2258 ΙΙ
376 2225 445 2258 DE
468 2225 835 2260 PRAENOTIONE
859 2227 922 2260 ET
948 2227 1162 2260 VOCIBVS

147 2305 218 2339 255
363 2305 544 2342 omnus
575 2308 682 2342 Alex.
717 2313 839 2342 strom.
866 2316 894 2342 ΙΙ
922 2311 945 2343 4
970 2319 1003 2352 p.
1026 2308 1104 2347 157,
1123 2310 1169 2343 44
1196 2309 1295 2352 Sylb.
1346 2310 1407 2343 ναὶ
1440 2310 1513 2352 μὴν
1549 2311 1608 2345 καί
1636 2311 1656 2344 ό

185 2379 220 2406 so
244 2369 460 2416 Ἐπίκουρος
484 2373 505 2407 ὁ
532 2372 691 2414 μάλιστα
725 2375 792 2416 τῆς
826 2372 1002 2416 ἀληθείας
1032 2374 1267 2417 προτιμήσας
1300 2375 1369 2419 τὴν
1396 2375 1539 2418 ἡδονὴν
1566 2375 1658 2419 πρὸ·

243 2438 358 2480 ληψιν
382 2438 478 2472 εἶναι
501 2437 668 2479 διανοίας
691 2439 762 2481 τὴν
785 2438 910 2474 πίστιν
937 2439 1212 2481 ὑπολαμβάνει·
1238 2439 1470 2483 πρόληψιν
1496 2440 1537 2474 δέ
1564 2439 1657 2475 ἀπο-

244 2500 397 2536 δίδωσιν
423 2502 643 2546 ἐπιβολὴν
672 2502 744 2538 ἐπ(
769 2514 813 2538 τι
840 2504 1030 2548 ἐναργές
1063 2504 1137 2538 καὶ
1166 2504 1238 2539 ἐπὶ
1265 2505 1346 2547 τὴν
1376 2505 1547 2548 ἐναργῆ
1574 2507 1657 2539 τοῦ

242 2566 509 2610 πράγματος
542 2567 776 2603 ἐπίνοιαν·
818 2568 872 2611 μὴ
908 2568 1134 2604 δύνασθαι
1168 2568 1216 2603 δὲ
1242 2569 1412 2612 μηδένα
1439 2568 1551 2612 μήτε
1577 2570 1655 2613 ζη-

365 2732 382 2765 1
409 2732 509 2767 ὥστε
536 2731 594 2767 ἐπ’
620 2733 751 2774 αὐταῖς
777 2733 877 2766 libri:
904 2744 995 2767 corr.
1013 2733 1188 2767 Reiskius
1221 2733 1238 2777 ss
1274 2734 1318 2768 10
1343 2734 1386 2766 cs.
1415 2744 1521 2778 supra
1550 2735 1590 2766 fr.
1607 2734 1653 2768 36

243 2789 375 2834 p.106‚
395 2791 410 2825 1
444 2790 461 2835 ΙΙ
497 2792 540 2827 18
565 2790 703 2838 ταῦτα]
731 2797 889 2826 monstra
913 2792 1098 2827 Furiarum
1127 2792 1248 2839 qualia
1274 2793 1393 2828 Oresti
1416 2797 1656 2839 apparuerunt.
