1842 3250
174 338 247 372 538

176 475 246 509 539

177 1073 248 1108 540

176 1474 244 1509 541

176 1949 248 1984 542

268 220 340 255 324
763 222 973 256 EPICVRI
998 222 1188 255 ETHICA

393 333 537 368 CICERO
565 333 610 366 de
644 333 776 366 finibus
802 341 829 366 Π
855 333 913 373 26,
931 334 978 368 84
1012 334 1151 368 ‘odium
1180 339 1294 367 autem
1328 339 1364 367 et
1389 334 1560 367 inuidiam
1585 334 1689 368 saciie

271 398 419 431 uitabis:
448 399 491 431 ad
521 409 580 431 eas
606 399 698 430 enim
725 409 781 431 res
809 400 853 431 ab
879 399 1038 442 Epicuro
1065 405 1256 443 praecepta
1282 399 1438 432 dantur‘.

394 471 537 506 CICERO
567 473 612 506 de
638 473 769 506 finibus
797 482 810 506 1
839 474 896 513 20,
916 474 962 508 65
988 474 1049 506 ‘de
1074 475 1230 507 amicitia
1257 500 1264 506 .
1284 500 1291 507 .
1310 501 1317 508 .
1343 474 1521 517 Epicurus
1547 474 1690 516 quidem

272 538 321 570 ita
346 538 448 576 dicit,
485 538 643 570 omnium
676 549 791 571 rerum
825 549 912 581 quas
948 539 992 571 ad
1029 539 1136 572 beate
1168 539 1361 571 uiuendum
1399 538 1573 581 sapientia
1609 549 1690 571 eon-

272 603 450 645 parauerit
474 602 564 635 nihil
597 613 677 635 esse
712 603 826 636 maius
860 604 1026 642 amicixia,
1059 603 1148 636 nihil
1174 604 1334 642 uberius,
1371 603 1459 635 nihil
1487 603 1689 637 iucundius.

272 677 337 699 nec
369 677 455 699 uero
491 667 561 699 hoc
597 668 760 700 oratione
795 668 924 706 solum,
967 669 1030 700 sed
1062 669 1176 701 multo
1212 669 1325 709 magis
1357 669 1431 701 uita
1467 673 1501 701 et
1529 667 1629 701 sactis
1657 672 1691 699 et

271 730 432 763 moribus
458 731 723 774 conprobauit'.

272 795 316 829 cs.
343 802 371 827 Π
399 795 456 833 25,
475 796 522 829 80
559 796 766 840 'praecepta
798 807 890 839 quae
926 797 1083 829 didicisti
1111 823 1119 831 .
1146 823 1153 830 .
1182 797 1343 829 funditus
1376 800 1540 829 euertunt
1575 794 1692 827 amici·

272 859 367 898 tiam,
400 860 562 902 quamuis
590 869 666 891 eam
694 860 884 903 Epicurus,
920 866 959 893 ut
985 861 1081 899 facit,
1113 861 1150 892 iu
1177 860 1314 893 caelum
1347 860 1469 892 efferat
1494 858 1692 893 laudibus‘.

273 916 393 967 26‚‘84
427 923 529 956 ‘licet
561 924 619 956 hic
652 934 773 956 rursus
808 934 849 956 ea
881 934 1149 962 commemores,
1197 934 1288 966 quae
1321 924 1463 966 optimis
1496 923 1614 955 uerbis
1648 923 1692 955 ab

272 988 428 1031 Epicuro
455 989 501 1021 de
527 988 633 1021 laude
661 989 838 1021 amicitiae
864 989 960 1022 dicta
989 990 1100 1023 sunt'.

395 1066 590 1102 an‘rivs
617 1067 729 1103 D10G.
756 1077 782 1101 x
812 1068 881 1102 120
907 1070 968 1103 καὶ
993 1069 1065 1111 τὴν
1091 1068 1220 1112 φιλίαν
1249 1068 1308 1103 διὰ
1334 1068 1402 1110 τὰς
1427 1066 1552 1112 χρείας
1579 1066 1691 1110 (γίνε-

273 1135 359 1168 σθαι
385 1132 594 1177 Ἐπικούρῳ
623 1132 763 1176 δοκεῑ)·
807 1133 885 1168 δεῖν
912 1134 1041 1175 μέντοι
1066 1133 1408 1177 προκατάρχεσθαι,
1435 1134 1496 1167 καὶ
1522 1132 1594 1176 γὰρ
1619 1133 1690 1175 τὴν

272 1200 345 1240 γῆν
377 1196 601 1241 σπείρομεν·
644 1196 892 1232 συνίστασθαι
920 1197 961 1232 δὲ
988 1197 1109 1239 αὐτὴν
1142 1197 1240 1232 κατὰ
1272 1196 1473 1232 κοινωνίαν
1500 1195 1692 1239 μεγίσταις

272 1263 428 1305 ἡδοναῖς
453 1261 859 1306 ἑκπεπληρωμ<ένην>.

274 1325 524 1361 LAOTANTIVS
559 1327 670 1361 diuin.
697 1327 808 1361 instit.
834 1335 876 1360 ιιι
908 1327 962 1365 17,
981 1325 1028 1360 42
1061 1326 1165 1359 ‘dicit
1190 1327 1366 1370 Epicurus
1394 1352 1402 1360 .
1421 1351 1430 1360 .
1452 1353 1459 1361 .
1480 1352 1488 1360 .
1516 1326 1692 1359 neminem

274 1401 366 1430 esse,
394 1392 456 1434 qui
483 1391 630 1424 alterum
659 1392 785 1433 diligat
811 1392 881 1424 nisi
908 1402 971 1424 sua
1000 1390 1135 1425 causa’.

396 1472 539 1507 CICERO
566 1474 611 1505 de
630 1473 761 1506 finibus
781 1480 807 1506 Π
827 1473 884 1512 26,
899 1473 946 1507 82
965 1472 1055 1505 '‘illa
1073 1473 1257 1505 uideamus
1285 1482 1376 1515 quae
1400 1483 1420 1505 a
1444 1477 1478 1504 te
1506 1472 1550 1504 de
1577 1471 1694 1504 amici-

273 1538 323 1570 tia
341 1538 435 1570 dicta
455 1544 545 1571 sunt.
581 1549 600 1570 e
627 1537 758 1580 quibus
784 1548 891 1570 unum
918 1537 1005 1570 mihi
1032 1537 1182 1569 uidebar
1208 1537 1252 1569 ab
1279 1537 1358 1580 ipso
1378 1536 1533 1579 Epicuro
1560 1535 1692 1567 dictum

273 1612 503 1644 cognoscere,
554 1602 794 1634 amicitiam
828 1612 848 1634 a
882 1602 1115 1644 uoluptate
1151 1611 1234 1633 non
1272 1611 1403 1643 posse
1439 1599 1603 1632 diuelli
1639 1600 1692 1631 ob

273 1677 451 1710 eamque
478 1677 563 1698 rem
590 1666 820 1699 colendam
848 1676 963 1709 esse,
1004 1666 1119 1708 quod
1148 1667 1189 1698 si
1215 1665 1307 1697 sine
1334 1675 1382 1697 ea
1408 1669 1502 1696 tuto
1531 1669 1571 1696 et
1598 1664 1692 1696 sine

272 1737 385 1763 metu
410 1731 503 1763 uiui
530 1742 614 1763 non
641 1736 815 1774 posset,
843 1741 893 1762 nc
920 1730 1110 1762 iucunde
1137 1730 1312 1773 quidem
1342 1728 1523 1773 posset².

272 1795 318 1827 cf.
348 1794 470 1834 26‚84
506 1794 692 1828 ‘utilitatis
727 1805 835 1827 causa
866 1795 1022 1827 amicitia
1055 1800 1108 1827 est
1143 1794 1304 1838 quaesita
1330 1818 1449 1827 .....
1477 1792 1693 1836 praesidium

274 1859 493 1895 amicorum‘.

391 1949 488 1980 ante
510 1942 925 1991 circumspiciendum
956 1948 1019 1979 est
1051 1953 1143 1979 cum
1177 1942 1326 1990 quibus
1356 1941 1458 1979 edas
1490 1946 1532 1978 ot
1562 1940 1693 1982 bibas,

275 2027 400 2064 quam
432 2015 532 2064 quid
565 2015 670 2052 edas
702 2020 743 2051 et
776 2014 907 2051 bibas.
949 2025 1046 2051 nam
1078 2014 1166 2050 sine
1198 2014 1332 2051 amico
1361 2012 1580 2050 uisceratio
1609 2013 1694 2050 leo—

275 2088 337 2125 nis
370 2099 419 2125 ac
448 2087 533 2137 lupi
562 2088 649 2125 uita
679 2093 756 2124 est.

275 2157 426 2192 SENECA
455 2158 557 2201 epist.
588 2157 710 2196 19,10
747 2156 811 2189 ‘ab
843 2157 1000 2200 Epicuro
1037 2167 1181 2189 uersuta
1219 2156 1381 2189 facienda
1415 2160 1479 2190 est.
1516 2160 1612 2188 ante
1645 2155 1694 2187 in-

276 2222 355 2265 quit
379 2221 829 2265 circumspiciendum
858 2247 866 2255 .
886 2246 892 2253 .
914 2248 920 2255 .
942 2247 949 2254 .
977 2226 1054 2254 est.
1105 2221 1174 2253 hoc
1205 2232 1276 2253 non
1303 2221 1486 2262 continget
1516 2220 1594 2257 tibi,
1628 2220 1694 2251 nisi

276 2288 487 2320 secesseris:
537 2287 698 2329 alioquin
732 2285 887 2319 habebis
927 2285 1097 2318 conuiuas
1133 2297 1224 2327 quos
1257 2296 1298 2317 ex
1333 2286 1436 2318 turba
1468 2285 1695 2318 salutantium

276 2351 523 2384 nomenclator
548 2351 751 2393 digesserit.
816 2355 907 2383 errat
944 2355 1060 2382 autem
1092 2351 1152 2393 qui
1181 2350 1327 2383 amicum
1354 2350 1390 2382 in
1421 2350 1510 2383 atrio
1544 2350 1693 2393 quaerit,

277 2427 312 2448 m
340 2416 508 2449 conmuio
535 2416 693 2459 probat'.

402 2515 443 2548 13
471 2515 543 2558 γὰρ
571 2526 627 2547 om
656 2515 686 2547 F
740 2514 745 2557 Ι
799 2514 842 2548 14
869 2513 1076 2557 μεγίσταις]
1102 2513 1144 2548 ἐν
1170 2516 1250 2554 τοῖς
1273 2516 1356 2554 ταῖς
1380 2512 1509 2555 BP¹Qz
1546 2511 1586 2546 ἐν
1613 2514 1697 2552 ταῖς

279 2574 414 2607 FP-Hf
462 2573 467 2617 Ι
522 2575 565 2607 15
593 2573 847 2616 ἑκπεπληρων
873 2573 955 2614 P’Q
991 2573 1240 2615 ἑκπεπληριῖιν
1268 2573 1296 2604 Β
1333 2572 1532 2615 ἐκπληρῶν
1559 2582 1617 2611 mg
1643 2572 1696 2602 H:

278 2642 334 2665 om
362 2633 506 2666 FP²Hs.
534 2632 564 2663 si
592 2638 689 2664 recte
716 2632 867 2669 conieci,
896 2631 1120 2674 participium
1145 2632 1298 2674 pertinet
1326 2631 1370 2662 ad
1398 2642 1430 2663 u.
1459 2628 1660 2664 κοινωνίαν
1686 2649 1688 2654 ·

282 2691 421 2724 19-22
448 2691 493 2725 cs.
512 2691 585 2724 Cic.
606 2691 650 2723 de
669 2691 726 2724 fin.
750 2699 761 2723 ι
781 2690 838 2728 20,
859 2690 905 2723 ⁴36
921 2702 972 2732 sq.
1000 2690 1134 2722 Seneca
1154 2690 1256 2732 epist.
1275 2691 1332 2725 48.
1355 2690 1368 2721 l
1389 2700 1440 2731 sq.
1475 2688 1490 2732 ΙΙ
1524 2689 1570 2722 26
1592 2687 1694 2732 quid]

278 2751 455 2791 quicquid
480 2749 533 2781 M¹

1718 934 1750 958 10

1719 1271 1750 1296 15

1720 2293 1753 2317 30
