1842 3250
169 1351 238 1384 309

167 1698 236 1731 310

167 2254 234 2288 511

264 207 334 239 216
740 206 943 237 EPICVRI
978 206 1196 237 PHYSICA

263 322 426 364 οὐρανὸν
456 320 644 362 ἐγέννησε.
688 322 755 361 τῆς
783 320 813 352 δ’
840 320 957 361 αὐτῆς
985 320 1158 362 ἐχόμεναι
1184 321 1336 362 φύσεως
1364 320 1399 353 αἱ
1427 321 1559 361 ἄτομοι
1590 329 1670 353 ποι-

264 384 358 418 κίλαι
388 383 508 421 οὖσαι,
548 383 672 423 καθὼς
705 382 860 425 εἴρηται,
896 383 990 425 πρὸς
1021 383 1066 415 τὸ
1095 383 1286 424 μετέωρον
1319 383 1569 424 ἐξωθούμεναι
1601 383 1671 425 τὴν

261 452 339 483 τῶν
367 448 536 491 ἀστέρων
555 448 670 489 φύσιν
691 446 909 480 ἀπετέλουν.
937 446 981 480 τὸ
1009 446 1049 480 δέ
1076 449 1219 489 πλῆθος
1245 449 1322 480 τῶν
1350 446 1671 489 ἀναθυμιωμένων

263 513 451 554 σωμάτων
479 512 641 554 ἔπληττε
666 512 735 544 τὸν
761 510 852 553 ἀέρα
879 511 939 544 καὶ
963 514 1105 545 τοῦτον
1133 511 1312 553 ἐξέθλιβε·
1341 513 1672 554 πνευματούμενος

264 578 304 612 δὲ
331 578 444 617 οὗτος
472 577 567 610 κατὰ
599 576 669 617 τὴν
702 574 848 617 κίνησιν
881 576 940 609 καὶ
968 576 1332 618 συμπεριλαμβάνων
1360 577 1407 610 τὰ
1435 578 1555 620 ἄστρα
1582 586 1672 619 συμ-
1695 586 1712 612 5

262 644 439 685 περιῆγεν
467 640 563 674 αὐτὰ
590 641 651 674 καὶ
677 640 748 681 τὴν
774 642 842 673 νῦν
869 640 1080 682 περιφορὰν
1105 640 1232 674 αὐτῶν
1259 641 1450 684 μετέωρον
1476 641 1671 684 ἑφείλιττε.

262 707 421 741 κᾶπειτα
455 706 495 740 ἑκ
529 706 595 747 μὲν
629 707 707 738 τῶν
742 705 1052 739 ὑποκαθιζόντων
1087 705 1270 748 ἐγεννήθη
1304 707 1326 748 ἡ
1359 709 1419 748 γῆ,
1460 707 1501 741 ἐκ
1528 707 1569 742 δὲ
1594 709 1673 743 τῶν

263 770 594 813 μετεωριζομένων
621 769 793 812 οὐρανός,
820 772 906 812 πῦρ,
934 769 1017 811 ἀήρ.
1045 771 1187 811 πολλῆς
1205 770 1245 804 δὲ
1264 771 1354 813 ὕλης
1381 771 1435 804 ἔτι
1461 772 1672 814 περιειλημ-

263 835 376 877 μένης
402 835 441 869 ἑν
468 837 515 878 τῇ
534 837 582 878 γῇ
602 834 866 876 πυκνουμένης
890 844 932 867 τε
957 834 1099 876 ταύτης
1127 834 1222 868 κατὰ
1248 835 1315 875 τὰς
1341 835 1416 868 ἀπὸ
1442 837 1520 868 τῶν
1547 834 1672 876 σωμά-

262 910 340 933 των
369 898 515 941 πληγὰς
548 899 607 932 καί
634 898 702 939 τὰς
728 897 803 932 ἀπὸ
829 900 908 931 τῶν
936 898 1087 941 ἄστρων
1113 898 1232 940 αὐγὰς
1257 898 1526 942 προσεθλίβετο
1553 900 1626 940 πᾶς
1651 898 1672 932 ὁ
1699 908 1730 932 ιο

263 965 489 1008 μικρομερὴς
530 962 787 1005 σχηματισμὸς
825 962 967 1004 ταύτης
1003 964 1062 996 καὶ
1100 963 1170 1005 τὴν
1209 963 1327 1007 ὑγρὰν
1366 963 1481 1005 φύσιν
1521 963 1672 1004 ἐγέννα·

263 1030 468 1072 ῥευστικῶς
495 1028 535 1062 δὲ
563 1028 660 1069 αὕτη
688 1026 901 1070 διακειμένη
930 1027 1162 1070 κατεφέρετο
1195 1028 1290 1069 πρὸς
1321 1028 1410 1068 τοὺς
1438 1026 1587 1068 κοίλους
1611 1027 1673 1061 τό·

263 1104 358 1135 πους
384 1094 443 1127 καὶ
471 1093 704 1134 δυναμένους
726 1091 895 1135 χωρῆσαί
920 1102 961 1126 τε
988 1092 1048 1126 καὶ
1075 1092 1209 1134 στέξαι,
1237 1092 1259 1134 ἢ
1280 1093 1360 1126 καθ’
1379 1092 1473 1127 αὑτὸ
1499 1092 1544 1126 τὸ
1570 1092 1674 1134 ὕδωρ

263 1158 435 1192 ὑποστὰν
462 1157 646 1192 ἐκοίλαινε
675 1158 765 1198 τοὺς
792 1156 1062 1199 ὑποκειμένους
1087 1157 1239 1198 τόπους.
1275 1157 1323 1191 τὰ
1350 1158 1416 1198 μὲν
1443 1155 1512 1191 οὖν
1539 1156 1673 1200 κυριώ-

263 1233 358 1257 τατα
386 1222 478 1266 μέρη
505 1225 575 1256 τοῦ
602 1222 746 1263 κόσμου
771 1221 838 1255 τὸν
865 1221 1010 1265 τρόπον
1035 1224 1175 1256 τοῦτον
1202 1220 1397 1264 ἐγεννήθη.
1699 1230 1731 1256 15

310 1293 376 1324 DE
401 1292 614 1324 PLANTIS

383 1353 528 1385 AETIVS
544 1351 789 1393 (learchus)
808 1359 836 1384 V
855 1351 911 1389 26,
928 1351 948 1384 3
967 1362 1000 1394 p.
1018 1351 1089 1384 438
1107 1351 1152 1384 D.
1179 1350 1223 1385 Οἱ
1249 1350 1408 1385 Στωικοὶ
1435 1349 1475 1383 δὲ
1502 1349 1562 1383 καὶ
1580 1349 1674 1384 Ἐπὶ·

263 1417 426 1460 κοιῗιρειοι
453 1416 522 1450 οὐκ
550 1417 699 1458 ἔμψυχα
727 1415 790 1458 (τὰ
816 1415 946 1458 φυτά).
994 1415 1078 1449 τινὰ
1104 1415 1176 1459 γὰρ
1201 1417 1325 1457 ψυχῆς
1350 1415 1554 1457 ὁρμητικῆς
1581 1414 1676 1447 εἶναι

263 1482 322 1516 καὶ
357 1482 638 1523 ἐπιθυμητικῆς,
677 1480 761 1514 τινὰ
795 1480 834 1514 δὲ
868 1480 928 1514 καὶ
960 1482 1129 1522 λογικῆς·
1171 1479 1218 1513 τὰ
1252 1479 1291 1513 δέ
1323 1478 1426 1522 φυτὰ
1452 1477 1676 1520 αὐτομάτως

262 1556 343 1587 πως
367 1547 558 1587 κινεῖσθαι,
585 1544 630 1578 ού
657 1544 716 1578 διὰ
746 1545 879 1586 ψυχῆς.
1696 1557 1731 1582 ‘30

801 1627 877 1665 DE
916 1625 1139 1665 HOMINE

383 1693 533 1727 SEx'rvs
562 1704 651 1737 emp.
674 1694 754 1726 adu.
775 1694 930 1734 dogmat.
948 1701 962 1725 1
981 1692 1161 1731 (mathem.
1178 1691 1252 1735 vn)
1271 1693 1340 1725 267
1368 1692 1403 1727 οἱ
1430 1693 1470 1727 δὲ
1497 1693 1582 1736 περὶ
1606 1692 1675 1727 τὸν

261 1758 479 1802 Ἐπίκουρον
507 1759 567 1793 καὶ
597 1759 789 1799 δεικτικῶς
814 1757 994 1801 ᾠήθησαν
1022 1758 1205 1791 δύνασθαι
1230 1758 1300 1800 τὴν
1328 1756 1496 1791 ἐπίνοιαν
1522 1760 1592 1791 τοῦ
1611 1756 1675 1791 ἀν-

262 1823 418 1866 θρώπου
437 1822 700 1866 παρίστασθαι,
720 1821 896 1863 λέγοντες
914 1821 1156 1864 ἄνθρωπός
1182 1822 1279 1856 ἐστι
1303 1823 1546 1856 τοιουτονὶ
1571 1822 1675 1865 μόρ-

261 1898 396 1931 φωμα
431 1887 527 1929 μετ’
555 1887 797 1931 ἐμψυχίας,
838 1887 907 1921 οὐκ
940 1887 1114 1928 ἔγνωσαν
1146 1887 1176 1920 δ’
1205 1887 1262 1921 ὅτι
1289 1887 1321 1921 εἰ
1352 1887 1397 1921 τὸ
1431 1887 1676 1929 δεικνύμενόν
1697 1898 1731 1924 25

264 1953 365 1987 ἐστιν
393 1953 603 1996 ἄνθρωπος,
632 1951 677 1986 τὸ
704 1952 753 1994 μὴ
784 1952 1027 1993 δεικνύμενον
1055 1951 1124 1985 οὐκ
1149 1951 1251 1986 ἔστιν
1280 1952 1480 1995 ἄνθρωπος
1506 1953 1583 1986 κτλ.

262 2018 356 2050 idem
376 2018 546 2061 hypotyp.
566 2025 594 2049 11
613 2017 659 2050 25
687 2017 706 2050 ὁ
727 2017 758 2050 δ’
779 2015 996 2059 Ἐπίκουρός
1014 2024 1131 2059 φησιν
1157 2017 1360 2059 ἄνθρωπον
1379 2017 1472 2051 εἶναι
1490 2016 1535 2050 τὸ
1553 2026 1676 2050 τοιου-

263 2082 344 2115 τονί
372 2081 562 2124 μόρφωμα
590 2081 682 2123 μετὰ
710 2080 903 2123 ἐμψυχίας.
936 2081 996 2114 καὶ
1021 2080 1117 2114 κατὰ
1143 2084 1283 2115 τοῦτον
1311 2081 1350 2115 δὲ
1378 2081 1459 2115 ἐπεὶ
1485 2082 1505 2115 ὁ
1531 2081 1675 2124 ἄνθρω-

264 2157 335 2187 πος
362 2145 469 2180 δείξει
500 2144 754 2188 ἐμφανίζεται,
781 2146 803 2180 ὁ
829 2145 878 2187 μὴ
906 2145 1146 2186 δεικνύμενος
1171 2145 1242 2179 οὐκ
1268 2145 1370 2179 ἔστιν
1397 2146 1608 2188 ἄνθρωπος.

310 2218 378 2250 DE
404 2217 575 2249 ANIMA
1700 2228 1734 2252 3ο

383 2274 578 2307 Ξοῐιοωοκ
597 2275 743 2317 Epicuri
762 2285 817 2317 ep.
837 2282 850 2307 1
870 2274 914 2307 66
941 2274 1039 2316 λέγει
1059 2274 1099 2308 ἐν
1118 2275 1243 2316 ἄλλοις
1267 2275 1328 2308 καὶ
1355 2274 1391 2309 ἐξ
1417 2274 1570 2316 ἀτόμων
1590 2274 1676 2316 (τὴν

263 2340 406 2382 ψυχὴν)
443 2341 660 2381 συγκεῖσθαι
694 2339 901 2379 λειοτάτων
937 2340 998 2373 καί
1032 2339 1395 2383 στρογγυλωτάτων,
1440 2340 1569 2383 πολλῷ
1604 2348 1676 2372 τινι

384 2443 405 2476 3
424 2443 575 2485 ἄστρων
593 2443 774 2475 Eusebius
814 2442 819 2486 Ι
858 2444 879 2476 4
907 2442 1117 2485 ἐπέπληττε
1136 2442 1231 2474 idem
1270 2443 1275 2484 Ι
1314 2442 1335 2475 6
1355 2442 1544 2484 ἐφύλαττε
1562 2442 1646 2474 libri
1673 2441 1678 2486 Ι

266 2502 286 2534 7
313 2500 487 2545 κᾶπειτα]
501 2503 573 2535 ικαὶ
600 2502 723 2542 οὕτως
750 2502 843 2534 coni.
870 2501 986 2540 Diels,
1011 2508 1106 2533 recte
1132 2501 1196 2533 ille
1224 2501 1411 2533 formulam
1438 2501 1601 2532 traditam
1624 2501 1676 2532 in-

263 2565 475 2603 terpretatus
531 2560 535 2600 l
585 2559 606 2592 9
633 2559 820 2601 σωμάτων
847 2559 1042 2591 Eusebius:
1082 2558 1309 2600 πνευμάτων
1334 2558 1418 2590 libri
1443 2557 1648 2590 Plutarchei
1674 2555 1678 2600 Ι

268 2620 310 2651 10
337 2617 507 2661 ἀστέρων
534 2618 629 2651 libri.
671 2618 714 2651 cf.
742 2618 959 2650 Posidonius
992 2618 1136 2659 Didymi
1169 2618 1208 2650 sr.
1235 2618 1278 2650 32
1317 2617 1353 2649 in
1386 2618 1543 2657 Doxogr.
1579 2616 1675 2648 Diel.

264 2677 396 2721 p.466‚
415 2677 457 2710 18
497 2677 502 2718 Ι
542 2677 660 2718 αὐγὰς
685 2678 883 2711 Eusebius:
914 2676 1031 2720 αὔρας
1056 2677 1138 2708 libri
1166 2676 1369 2708 Plutarchei
1411 2674 1426 2718 Η
1467 2675 1514 2708 23
1543 2674 1675 2709 δεικτι-

266 2738 341 2780 κῶς
368 2737 410 2770 cs.
439 2736 643 2769 Gassendus
670 2747 703 2781 p.
727 2735 791 2770 139
833 2735 849 2780 Η
891 2736 933 2768 31
962 2737 1005 2769 cf.
1033 2735 1217 2769 Lucretius
1244 2742 1289 2769 111
1321 2734 1385 2769 177
1403 2744 1478 2778 sqq.
