1842 3250
227 616 293 650 133

230 1341 299 1375 134

232 1758 297 1791 135

321 229 389 264 142
766 233 974 266 EPICVRI
1004 233 1282 267 EPISTVLAE

320 347 380 378 ris
413 371 421 380 .
442 370 476 380 ..
497 371 504 379 .
537 346 716 380 coleris.
767 348 938 390 numquid
975 358 1059 388 ergo
1095 348 1265 381 mentitus
1301 347 1378 380 est?
1419 347 1500 390 quis
1534 348 1729 380 Idomenea

318 414 458 449 nosset,
501 411 570 442 nisi
605 410 782 454 Epicurus
818 411 921 443 illum
956 411 1085 444 litteris
1119 413 1194 444 suis
1229 412 1440 444 incidisset?
1482 422 1605 444 omnes
1642 411 1730 444 illos

318 474 593 514 megistanas
621 482 655 507 et
681 480 839 519 satrapas
866 481 902 509 et
927 486 1046 518 regem
1072 476 1201 519 ipsum,
1228 487 1271 508 ex
1296 487 1368 520 quo
1392 475 1582 508 Idomenei
1606 475 1730 508 titulus

318 538 517 581 petebatur,
544 538 686 572 obliuio
712 540 784 572 alta
810 540 1035 584 subpressit’.

441 619 592 654 SENECA
612 621 715 664 epist.
735 621 794 658 22,
809 621 830 654 5
855 621 946 654 ‘Iam
964 622 1146 663 intellegis
1167 622 1389 655 educendum
1418 632 1497 655 esse
1523 627 1558 653 te
1585 631 1628 653 ex
1653 619 1731 653 istis
1756 628 1772 653 5

319 685 617 727 occupationibus
645 686 820 728 speciosis
841 692 876 720 et
894 686 1017 719 malis:
1047 687 1112 719 sed
1137 687 1321 730 quomodo
1349 687 1386 719 id
1413 685 1587 729 consequi
1613 684 1731 728 possis

320 750 472 789 quaeris.
524 775 672 783 ......
699 750 847 793 Epicuri
870 751 1062 794 epistulam
1089 751 1133 784 ad
1159 750 1250 784 hane
1277 761 1350 784 rem
1377 750 1612 794 pertinentem
1637 748 1732 790 lege,

317 813 515 845 Idomeneo
543 825 633 857 quae
660 814 877 854 inscribitur,
919 826 1023 859 quem
1050 822 1150 857 rogat
1182 821 1226 849 ut
1255 821 1465 858 quantum
1491 818 1639 857 potest
1665 813 1732 844 su-

320 878 411 917 giat
438 884 477 910 et
502 884 727 922 properet.
756 884 989 922 antequam
1016 879 1166 924 aliqua
1192 880 1261 913 uis
1286 880 1424 913 maior
1452 877 1733 912 interueniat

321 946 361 973 ct
387 942 565 973 auferat
597 942 860 975 libertatem
886 944 1138 977 recedendi.
1192 944 1287 976 idem
1313 949 1430 976 tamen
1456 942 1590 975 subicit
1614 940 1732 973 nihil
1759 946 1791 970 ιο

321 1015 421 1038 esse
447 1007 762 1049 temptandum,
801 1008 889 1040 nisi
922 1018 1011 1040 cum
1044 1014 1147 1051 apte
1173 1009 1340 1051 poterit
1367 1007 1732 1050 tempestiueque

320 1072 544 1113 temptari.
596 1072 675 1103 sed
711 1081 803 1103 cum
840 1072 960 1105 illud
988 1078 1159 1116 tempus
1187 1078 1406 1116 captatum
1433 1072 1511 1104 din
1537 1070 1732 1110 uenerit,

323 1134 590 1167 exiliendum
628 1136 700 1169 ait.
757 1135 994 1168 dormitare
1024 1137 1076 1168 de
1103 1136 1206 1178 suga
1233 1136 1499 1177 cogitantem
1535 1139 1665 1167 uetat
1691 1139 1735 1165 et

321 1202 468 1240 sperat
500 1197 752 1230 salutarem
786 1198 919 1231 etiam
948 1208 997 1231 ex
1023 1198 1338 1232 difficillimis
1367 1198 1546 1238 exitum,
1585 1198 1625 1231 si
1653 1207 1734 1230 nec

322 1271 613 1304 properemus
640 1267 741 1294 ante
767 1267 936 1306 tempus
963 1273 1041 1295 nec
1070 1273 1291 1295 cessemus
1318 1263 1361 1295 in
1386 1261 1613 1306 tempore'.
1761 1269 1792 1296 15

442 1340 700 1375 anwmcuvs
733 1343 812 1377 adu.
839 1343 992 1376 Coloten
1024 1343 1070 1377 34
1097 1354 1129 1386 p.
1150 1342 1260 1377 1127(ι
1308 1343 1420 1377 πάλιν
1448 1342 1489 1377 δὲ
1515 1343 1618 1384 οἶμαι
1643 1342 1733 1386 γρά-

324 1417 410 1448 φων
429 1406 522 1449 πρὸς
540 1406 725 1448 Ἰδομενέα
752 1407 1006 1442 διακελεύεται
1034 1408 1083 1450 μὴ
1110 1407 1239 1451 νόμοις
1265 1408 1325 1442 καὶ
1352 1407 1474 1449 δόξαις
1501 1406 1734 1442 δουλεύοντα

322 1471 402 1512 ζῆν,
430 1471 490 1512 ἐφ’
509 1470 602 1504 ὅσον
629 1471 674 1504 ἂν
702 1472 751 1512 μὴ
778 1474 848 1514 τὴν
876 1472 936 1506 διὰ
961 1474 1030 1505 τοῦ
1056 1472 1173 1513 πέλας
1199 1473 1239 1505 ἑκ
1265 1475 1411 1515 πληγῆς
1436 1473 1589 1514 ὀχλησιν
1616 1481 1735 1515 παρα-

323 1534 566 1569 σκευάζωσιν.

322 1600 411 1632 ibid.
450 1601 528 1633 τῶν
556 1599 595 1633 δὲ
620 1599 749 1638 νόμων
775 1600 1118 1643 παρακελευόμενοι
1146 1603 1402 1643 περιφρονεῖν,
1439 1600 1505 1634 ἑὰν
1533 1600 1582 1643 μὴ
1609 1601 1735 1643 προσῇ
1758 1606 1793 1632 20

323 1665 442 1706 φόβος
467 1665 614 1706 πληγῆς
641 1665 700 1698 καὶ
727 1664 929 1706 κολάσεως.

438 1744 472 1787 εἰ
506 1745 651 1797 βούλει
681 1746 896 1788 πλούσιον
925 1745 1157 1788 Πυθοκλέα
1187 1749 1378 1797 ποιῆσαι,
1420 1746 1474 1796 μὴ
1505 1744 1736 1797 χρημάτων

324 1817 558 1869 προστίθει,
590 1820 667 1868 τῆς
698 1819 746 1859 δὲ
780 1819 1003 1870 ἐπιθυμίας
1034 1819 1222 1871 ἀφαίρει.

324 1888 492 1924 IOANSES
511 1891 612 1923 Stob.
632 1891 706 1924 flor.
726 1899 812 1924 xvn
829 1892 875 1924 24
899 1891 977 1926 Τοῦ
997 1892 1117 1926 αὐτοῦ
1135 1892 1169 1925 1ι.
1184 1902 1213 1926 e.
1229 1891 1450 1934 Ἐπικούρου
1468 1891 1512 1924 cf.
1527 1891 1576 1923 ib.
1593 1890 1639 1924 23
1654 1890 1738 1932 (Ar-

324 1954 444 1986 senius
462 1955 498 1986 in
518 1955 759 1996 Paroemiogr.
777 1955 936 1997 Gotting.
955 1961 978 1988 t.
995 1963 1023 1988 11
1041 1967 1074 1999 p.
1091 1955 1172 1994 382,
1189 1957 1228 1989 ll
1249 1954 1472 1997 Ἐπικούρου
1490 1955 1514 1997 ἡ
1532 1953 1736 1997 ὑποθήκη).
1760 1963 1795 1990 25

324 2018 367 2051 cf.
394 2019 489 2051 idem
518 2026 603 2051 xvir
630 2018 674 2051 37
714 2018 978 2053 ΕΠΙΚΟΥΡΟΥ
1007 2018 1224 2063 Ἐπίκουρος
1256 2017 1470 2062 ἐρωτηθείς,
1504 2020 1586 2059 πῶς
1612 2019 1658 2052 ἄν
1682 2028 1738 2059 τις

322 2082 588 2125 πλουτήσειεν,
632 2083 696 2117 “οὐ
726 2086 806 2124 τοῖς
837 2083 922 2117 οὖσι
955 2082 1187 2127 προστιθείς’
1215 2084 1302 2127 ἔφη,
1339 2083 1426 2125 *τῆς
1460 2083 1501 2118 δὲ
1535 2080 1660 2126 χρείας
1689 2081 1738 2116 τὰ

322 2146 444 2181 πολλὰ
473 2146 735 2190 περιτέμνων’.

323 2209 475 2244 SENECA
494 2212 598 2254 epist.
618 2211 676 2250 21,
692 2212 712 2244 7
739 2211 804 2244 ‘ne
831 2212 939 2253 gratis
965 2213 1184 2245 Idomeneus
1211 2213 1248 2244 in
1275 2211 1467 2255 epistulam
1493 2221 1607 2244 meam
1631 2221 1736 2243 uene-

443 2342 465 2375 2
493 2344 627 2375 lz'tlerz's
653 2345 732 2375 suis
757 2344 838 2386 Mp:
867 2345 945 2375 suis
972 2335 1108 2376 litteris
1132 2344 1243 2385 uolgo
1265 2344 1271 2386 f
1294 2345 1491 2377 indidisset
1505 2344 1547 2387 p‘
1584 2341 1590 2386 Ι
1629 2343 1650 2376 3
1671 2354 1737 2375 me-

320 2403 496 2441 gistanas
523 2401 566 2434 es.
595 2402 635 2434 sr.
659 2402 724 2434 104
766 2400 782 2447 ΙΙ
823 2403 842 2434 7
871 2404 952 2442 lege
970 2403 1083 2445 MpP:
1111 2405 1191 2444 legi
1214 2403 1318 2436 codd.
1345 2403 1563 2435 recentiores
1602 2403 1607 2444 Ι
1645 2402 1667 2435 8
1685 2404 1738 2433 in·

323 2461 501 2492 scribitur
526 2460 562 2491 H
567 2460 701 2493 ansius:
729 2462 908 2493 scribitur
934 2461 1018 2493 libri
1042 2462 1046 2502 Ι
1070 2467 1314 2502 argumentum
1338 2462 1420 2494 Seu.
1449 2461 1550 2493 affert
1576 2460 1736 2492 eiusdem

324 2518 512 2561 epistulae,
539 2519 634 2550 unde
661 2519 701 2551 sr.
730 2518 797 2552 132
825 2520 1001 2552 attulerat.
1034 2520 1078 2553 cs.
1106 2531 1159 2563 ep.
1186 2521 1245 2563 222,
1265 2521 1281 2554 1
1310 2519 1360 2563 (u.
1379 2521 1416 2562 6)
1443 2520 1737 2562 occupationibus

323 2579 494 2619 speciosis
519 2587 598 2609 cum
624 2577 683 2614 21,
704 2581 723 2611 3
750 2578 800 2620 (p.
823 2579 901 2617 141,
919 2578 982 2622 26)
1008 2581 1086 2611 uita
1115 2581 1277 2621 speciosa
1318 2578 1334 2623 Η
1375 2580 1421 2613 22
1446 2578 1649 2613 Πυθοκλέα
1676 2578 1736 2610 Se·

323 2645 410 2667 neca
428 2640 592 2667 testatur:
610 2636 693 2669 τινὰ
713 2636 888 2670 Stobaeus
911 2637 918 2677 Ι
940 2638 1144 2679 χρημάτων
1155 2637 1275 2670 VAB¹
1290 2639 1466 2670 Arsenius
1485 2637 1657 2682 χρήματα
1672 2635 1735 2668 Β’-’;

323 2696 402 2734 τοῖς
427 2693 588 2736 χρήμασι
608 2695 744 2727 Seneca
769 2695 914 2735 legebat
933 2697 1064 2738 quique
1081 2696 1239 2729 Stobaeo
1262 2697 1316 2734 17.
1334 2697 1380 2730 37
1399 2702 1521 2730 auctor
1539 2697 1618 2735 suit,
1646 2694 1734 2738 χρή-

325 2760 412 2792 μασι
439 2752 584 2784 soloece
610 2763 688 2785 eum
716 2754 922 2786 Gaissordio
949 2755 1152 2786 Meinekius
