1842 3250
298 243 367 277 166
694 242 900 275 EPICVRI
928 241 1310 275 TESTAMENTVM

296 359 478 400 ἐνοικεῖν
499 356 724 412 Ἑρμάρχῳ
753 357 823 399 καὶ
851 359 944 407 τοῖς
975 356 1061 408 μετ’
1086 356 1220 399 αὐτοῦ
1251 358 1589 408 φιλοσοφοῦσιν,
1621 356 1706 408 ἕως

297 430 350 472 ἂν
379 430 629 482 Ἕρμαρχος
660 433 721 484 ζῇ.
782 428 853 473 Ὲκ
884 430 932 472 δὲ
963 432 1051 472 τῶν
1082 429 1322 480 γινομένων
1352 429 1589 480 προσόδων
1618 431 1707 471 τῶν
1729 438 1791 470 (ιε)

296 503 546 553 δεδομένων
578 501 654 554 ἀφ’
686 502 808 553 ἡμῶν
836 501 1118 557 Ἀμυνομάχῳ
1149 501 1217 543 καὶ
1237 501 1489 553 Τιμοκράτει
1519 501 1627 542 κατὰ
1656 502 1707 543 τὸ

298 575 488 617 δυνατὸν
520 575 847 626 μεριζέσθωσαν
869 573 959 625 μεθ’
978 572 1224 626 Ἑρμάρχου
1246 574 1539 625 σκοπούμενοι
1570 572 1631 624 εἴς
1662 587 1706 615 τε

296 649 349 689 τὰ
381 647 648 698 ἐναγίσματα
679 650 740 702 τῷ
770 660 817 688 τε
847 646 976 698 πατρὶ
1006 647 1075 688 καὶ
1104 649 1156 701 τῇ
1191 646 1315 698 μητρὶ
1351 646 1420 688 καὶ
1456 648 1547 697 τοῖς
1584 645 1707 688 ἀδελ·
1731 655 1746 681 ⁵

297 722 411 772 φοῖς,
442 720 511 762 καὶ
540 719 639 771 ἡμῖν
670 719 732 771 εἰς
761 720 840 770 τὴν
872 718 1116 770 εἰθισμένην
1146 718 1329 769 ἄγεσθαι
1359 719 1583 768 γενέθλιον
1608 718 1708 770 ἡμέ-

297 806 378 844 ραν
417 791 605 834 ἑκάστου
644 791 771 842 ἔτους
801 795 852 846 τῇ
883 791 1074 846 προτέρᾳ
1111 791 1267 847 δεκάτῃ
1305 793 1385 833 τοῦ
1423 793 1710 843 γαμηλιῶνος,

296 864 441 916 ὥςπερ
472 865 542 906 καὶ
573 864 633 916 εἰς
664 865 743 914 τὴν
773 864 1005 916 γινομένην
1034 863 1229 907 σύνοδον
1251 863 1438 906 ἑκάστου
1461 864 1596 916 μηνὸς
1616 866 1710 915 ταῖς

298 937 438 980 εἰκάσι
467 940 556 980 τῶν
587 938 1051 990 συμφιλοσοφούντων
1081 937 1179 989 ἡμῖν
1209 936 1273 989 εἰς
1303 939 1381 989 τήν
1412 937 1533 988 ἡμῶν
1564 950 1610 979 τε
1642 936 1710 978 καὶ

297 1010 599 1063 Μητροδώρου
635 1009 859 1065 <μνήμην>
896 1011 1004 1052 κατὰ
1034 1008 1140 1063 (τὰ)
1171 1011 1430 1061 τεταγμένα·
1493 1009 1709 1052 συντελεί-
1733 1025 1767 1051 10

295 1092 446 1125 τωσαν
484 1083 533 1124 δὲ
570 1082 639 1124 καὶ
674 1081 752 1133 τὴν
792 1083 880 1123 τῶν
912 1081 1120 1134 ἀδελφῶν
1159 1081 1323 1134 ἡμέραν
1360 1084 1438 1125 τοῦ
1475 1084 1710 1124 ποσειδεῶ-

297 1165 397 1206 νος·
447 1154 801 1198 συντελείτωσαν
846 1156 894 1197 δὲ
941 1154 1010 1197 καὶ
1048 1155 1127 1206 τὴν
1167 1154 1419 1197 Πολυαίνου
1461 1157 1539 1198 τοῦ
1587 1169 1711 1206 μετα-

295 1230 560 1279 γειτνιῶνος,
592 1227 702 1269 καθά
732 1240 814 1279 περ
845 1227 914 1268 καὶ
944 1226 1077 1279 ἡμεῖς.
1136 1225 1534 1278 Ἐπιμελείσθωσαν
1566 1227 1613 1270 δὲ
1645 1227 1713 1270 καὶ
1734 1241 1798 1273 ιω)

418 1353 440 1386 2
467 1349 609 1386 CICERO
636 1352 682 1384 de
706 1351 764 1385 fin.
783 1357 813 1383 11
832 1350 972 1389 31,101
1002 1350 1154 1394 ‘quaero
1182 1356 1298 1383 autem
1323 1350 1408 1393 qnid
1435 1351 1482 1384 sit
1509 1351 1605 1394 quod
1622 1376 1640 1384 -.
1656 1376 1663 1385 .
1681 1375 1689 1385 .
1704 1376 1712 1384 .

297 1418 368 1445 tam
391 1418 553 1445 accurate
578 1416 720 1454 tamque
744 1409 937 1452 diligenter
962 1415 1086 1443 caueat
1112 1415 1147 1442 et
1174 1410 1308 1443 sanciat
1335 1410 1405 1443 “ut
1423 1410 1712 1454 Amynomachus

298 1476 333 1504 et
360 1472 579 1504 Timocrates
607 1470 759 1503 heredes
786 1470 841 1502 sui
868 1470 913 1501 de
938 1469 1148 1502 Hermarchi
1183 1470 1360 1502 sententia
1392 1470 1478 1503 dent
1503 1470 1600 1512 quod
1627 1469 1712 1501 satis

297 1531 343 1563 sit
380 1530 426 1562 ad
462 1530 555 1562 diem
588 1529 764 1570 agendum
804 1528 957 1561 natalem
991 1539 1092 1561 suum
1125 1530 1316 1572 quotannis
1351 1539 1474 1561 mense
1510 1528 1712 1570 gamelione

297 1589 452 1632 itemque
471 1588 638 1621 omnibus
655 1588 839 1621 mensibus
865 1587 1062 1621 uicensimo
1090 1587 1148 1620 die
1174 1586 1279 1620 lunae
1307 1588 1392 1620 dent
1418 1588 1463 1620 ad
1490 1598 1611 1621 eorum
1630 1599 1713 1632 epu-

297 1649 351 1681 las
385 1647 446 1691 qui
479 1658 549 1679 una
581 1657 701 1679 secum
734 1646 982 1690 philosophati
1013 1645 1096 1689 sint,
1134 1651 1172 1679 ut
1204 1651 1238 1678 et
1271 1647 1325 1678 sui
1359 1651 1394 1679 et
1418 1647 1618 1680 Metrodori
1644 1657 1714 1681 me-

297 1707 411 1740 moria
436 1705 601 1740 colatur”
631 1731 751 1739 .....
786 1705 888 1747 (102)
916 1704 1024 1748 idque
1051 1710 1263 1737 testamento
1290 1705 1434 1738 cauebit
1460 1705 1491 1737 is
1518 1704 1579 1749 qui
1608 1706 1712 1738 nobis

299 1766 401 1809 quasi
429 1765 612 1798 oraculum
641 1765 807 1803 ediderit,
836 1764 927 1797 nihil
955 1764 998 1796 ad
1026 1775 1090 1797 nos
1116 1763 1292 1808 pertinere
1318 1769 1401 1807 post
1423 1763 1612 1797 mortem?

423 1824 465 1858 13
493 1823 536 1857 cs.
564 1823 733 1857 uolumen
760 1823 908 1856 Hercul.
938 1822 1005 1856 176
1033 1832 1062 1856 c.
1083 1822 1128 1855 22
1159 1821 1253 1865 apud
1282 1822 1535 1866 Gomperzium
1560 1823 1714 1856 Hermae

299 1888 322 1918 t.
340 1891 368 1918 v
394 1894 428 1927 p.
449 1881 519 1917 388
550 1883 572 1916 ὁ
598 1882 631 1916 δ’
657 1880 875 1924 Ἐπίκουρος
897 1880 970 1915 κάν
995 1882 1065 1915 τῶι
1090 1881 1159 1924 ζῆν
1189 1880 1344 1915 διετέλει
1369 1881 1440 1924 τὴν
1467 1881 1610 1925 ἡμέραν
1636 1882 1713 1917 ἐπι-

419 2004 440 2036 2
466 2002 685 2044 γενομένων
710 2002 739 2034 F
761 2001 767 2046 Ι
789 2001 1004 2046 προσῶὸων
1031 2002 1047 2034 f
1068 2006 1271 2034 constanter
1304 2000 1319 2044 n
1353 2001 1373 2035 3
1402 1994 1629 2046 δεδομένων]
1654 2011 1714 2043 γε-

298 2063 473 2105 νομένων
491 2063 521 2094 F
544 2064 550 2104 Ι
572 2061 638 2105 ἀφ’
665 2062 772 2104 ὑμῶν
796 2062 860 2094 BF
884 2072 943 2104 mg
968 2061 1015 2094 1³¹³
1036 2061 1042 2105 Ι
1064 2061 1160 2096 κατὰ
1186 2060 1231 2096 τὸ
1257 2060 1422 2096 δυνατὸν
1448 2071 1506 2093 om
1534 2060 1681 2104 BP¹QG
1704 2060 1716 2103 ξξ

299 2124 321 2155 4
347 2121 398 2163 εἷς
416 2131 457 2155 τε
476 2120 538 2165 τὰ]
559 2121 664 2163 ὅπως
683 2122 715 2154 G
748 2121 764 2165 ῃ
798 2120 820 2154 6
843 2120 1037 2162 γενέθλιον
1057 2131 1100 2153 ex
1118 2120 1339 2162 γενέσθαιον
1365 2131 1452 2152 corr.
1471 2120 1500 2151 F
1534 2119 1550 2163 ss
1582 2120 1604 2153 7
1623 2130 1714 2163 προ·

298 2180 390 2226 τέρᾳ
417 2180 557 2224 δεκάτῃ
586 2180 630 2213 cs.
651 2180 858 2213 Boeekhius
884 2183 1004 2224 eptgrr.
1031 2181 1332 2222 chronologische
1355 2181 1501 2213 studim
1527 2191 1560 2223 p.
1574 2179 1621 2214 88
1637 2182 1713 2223 sqq.

299 2240 393 2272 Mus.
413 2240 536 2272 Rhen.
556 2241 613 2278 34,
633 2240 703 2273 425
719 2250 771 2282 sq.
808 2238 824 2282 ΙΙ
861 2240 883 2272 8
909 2238 1049 2284 ὥςπερ]
1069 2239 1170 2273 ὥστε
1188 2238 1273 2271 libri
1299 2238 1354 2272 ἔτι
1379 2237 1420 2273 δέ
1447 2238 1679 2271 Casaubonus
1705 2235 1715 2283 ξ

297 2298 319 2331 9
347 2299 746 2342 συμφιλοσοφούντων
773 2297 892 2331 P²Hf:
921 2296 1243 2340 φιλοσοφούντων
1270 2297 1396 2340 reliqui
1438 2297 1454 2340 η
1499 2297 1541 2330 10
1567 2296 1715 2340 μνήμην

299 2357 602 2391 Aldobrandinus
632 2357 814 2402 suppIeuit
840 2368 882 2389 ex
910 2357 1083 2389 Cicerone
1116 2358 1122 2399 ι
1158 2357 1254 2391 κατὰ
1280 2355 1327 2390 τὰ
1349 2354 1575 2400 τεταγμένα]
1603 2366 1714 2390 κατα-

299 2416 537 2459 τεταγμένην
562 2416 660 2455 libri,
687 2417 757 2449 nisi
782 2416 882 2460 quod
907 2415 1192 2459 κατεταγμένην
1219 2416 1248 2456 Q
1282 2415 1288 2458 Ι
1323 2414 1623 2450 συντελείτωσαν
1649 2441 1656 2450 .
1678 2442 1684 2449 .
1706 2442 1713 2450 .

303 2475 347 2509 13
373 2475 478 2518 ἡμεῖς
502 2476 686 2518 BPQGH:
722 2473 1025 2510 συντελείτωσαν
1058 2475 1099 2509 δὲ
1125 2474 1186 2509 καὶ
1219 2474 1289 2516 τὴν
1320 2473 1528 2510 πολυαίνου
1557 2476 1627 2509 τοῦ
1655 2483 1714 2518 με·

298 2536 612 2576 ταγειτνιῶντος·
653 2533 957 2569 συντελείτωσαν
991 2534 1032 2568 δὲ
1065 2534 1126 2568 καὶ
1156 2533 1227 2576 τὴν
1252 2534 1332 2568 τῶν
1361 2532 1540 2575 ἀδελφῶν
1573 2532 1715 2576 ἡμέραν

299 2595 369 2628 τοῦ
404 2593 659 2636 ποσειδεῶνος
690 2593 861 2637 καθάπερ
894 2594 955 2628 καὶ
987 2593 1092 2636 ἡμεῖς
1117 2593 1166 2625 Fr
1200 2592 1298 2635 quod
1333 2592 1399 2624 erit
1432 2591 1493 2636 qui
1528 2591 1713 2634 praeferat.

303 2652 369 2684 sed
387 2651 507 2684 obstat
523 2652 768 2686 testimonium
786 2663 893 2697 supra
908 2653 1066 2696 positum
1093 2651 1110 2695 u
1145 2652 1183 2685 11
1206 2650 1440 2691 ποσειδῶνος
1456 2650 1487 2682 F
1512 2649 1715 2684 ποσειδεῶ-

300 2720 367 2752 νος
394 2709 492 2745 καθά
518 2720 589 2754 περ
614 2713 675 2746 καὶ
700 2712 805 2754 ἡμεῖς
832 2723 848 2743 s
890 2710 906 2754 n
954 2711 996 2744 12
1023 2709 1336 2751 μεταγειτνίωνος
1363 2710 1393 2741 Β
1430 2709 1715 2750 μεταγειτνιῶν-

301 2779 367 2813 τος
387 2769 492 2803 etiam
507 2770 626 2803 P²GH
655 2770 672 2815 ss
704 2771 746 2804 13
766 2769 1013 2812 ἐπιμελείσθω
1032 2769 1133 2803 libri:
1154 2780 1244 2803 corr.
1260 2768 1430 2802 Cobcxus.
1457 2769 1501 2801 cf.
1520 2779 1554 2812 p.
1575 2767 1651 2805 167,
1669 2767 1712 2801 17
