1842 3250
323 232 394 265 262
807 232 1013 264 EPICVRI
1039 232 1255 264 PHYSICA
1599 233 1643 266 fr.
1668 233 1737 266 395

326 347 499 388 ἐδύνατο,
540 347 662 381 ἐκεῖνο
695 341 789 388 γοῦν
822 346 1165 390 προπεπεισμένου,
1205 347 1263 380 ὅτι
1297 347 1430 389 λέληθε
1465 347 1532 388 μὲν
1564 347 1682 381 αὐτὸν
1715 349 1736 382 ὁ

325 411 468 454 τρόπος
493 412 561 452 τῆς
587 409 824 452 μαγγανείαςῖ
866 410 911 444 τὸ
939 409 971 444 δ’
998 410 1067 444 οὖν
1093 413 1169 443 πᾶν
1195 410 1337 452 ψεῦδός
1371 410 1450 444 ἐστι
1478 411 1538 444 καὶ
1564 411 1740 452 γενέσθαι

325 475 525 509 ἀδύνατον.

326 540 374 572 ib.
404 539 449 573 25
491 539 589 579 ὅλως
619 539 660 573 δὲ
695 538 887 578 ἄσπονδος
919 539 979 572 καὶ
1012 538 1225 582 ἀκήρυκτος
1259 539 1363 582 αὐτῷ
1397 540 1417 573 ὁ
1450 539 1613 580 πόλεμος
1647 540 1741 582 πρὸς

326 603 547 646 Ἐπίκουρον
576 603 632 645 ἦν.
680 603 740 637 καὶ
767 603 865 644 μάλα
892 601 1063 644 εἰκότως·
1102 602 1174 637 τίνι
1201 603 1273 647 γὰρ
1300 603 1345 637 ἂν
1374 604 1474 646 ἄλλῳ
1507 603 1741 647 δικαιότερον
1764 613 1780 636 ι’.

326 668 603 711 προσεπολέμει
629 667 722 710 γόης
749 668 950 709 ἄνθρωπος
976 668 1036 700 καὶ
1061 667 1235 711 τερατείᾳ
1262 667 1380 710 φίλος,
1409 667 1564 711 ἀληθείᾳ
1584 668 1625 702 δὲ
1646 668 1740 710 ἔχθι-

328 741 417 772 στος
441 732 464 773 ἢ
490 731 700 776 Ἐπικούρῳ
728 730 834 774 ἀνδρὶ
867 731 937 773 τὴν
969 731 1085 774 φύσιν
1117 733 1196 765 τῶν
1222 732 1457 774 πραγμάτων
1484 732 1742 775 καθεωρακότι

327 797 386 830 καὶ
415 796 518 840 μόνῳ
548 796 618 838 τὴν
645 796 685 830 ἐν
712 796 842 836 αὐτοῖς
868 795 1047 837 ἀλήθειαν
1075 795 1208 836 εἰδότι;
1238 823 1269 830 ..
1287 823 1293 830 .
1313 823 1320 830 .
1348 797 1369 830 ὁ
1388 797 1428 830 δέ
1448 797 1630 838 ἄτεγκτος
1648 795 1741 831 Ἐπί-

326 871 464 903 κουρος
492 879 533 884 -
563 860 667 894 οὕτω
692 860 764 903 γὰρ
793 860 911 894 αὐτὸν
935 860 1130 901 ὠνόμαζεν
1160 879 1200 884 -
1230 861 1401 902 ἔχθιστος
1428 859 1590 903 δικαίως,
1618 860 1743 894 πάντα

325 928 448 960 ταῦτα
473 925 514 959 ἐν
542 926 679 966 γέλωτι
706 926 766 959 καὶ
793 926 922 969 παιδιᾷ
948 925 1151 967 τιθέμενος.
1769 933 1801 957 ιο

328 990 376 1023 ib.
404 989 446 1023 61
488 993 620 1032 ταῦτα,
649 989 680 1023 ὦ
708 989 853 1034 (Κέλσε)
883 1017 889 1024 .
911 1017 917 1024 ,
939 1017 946 1024 .
973 990 1117 1033 γράψαι
1142 989 1284 1032 ἠξίωσα
1312 1016 1430 1024 .....
1459 989 1666 1034 Ἐπικούρῳ
1691 999 1743 1023 τι·

328 1056 466 1098 μωρῶν
494 1054 602 1096 ἀνδρὶ
628 1053 680 1094 ὡς
704 1052 856 1095 ἀληθῶς
889 1052 977 1097 ἱερῷ
1009 1053 1070 1087 καὶ
1097 1052 1287 1097 θεσπεσίῳ
1312 1053 1384 1094 Ιτὴν
1410 1052 1525 1095 φύσιν
1553 1053 1613 1086 καί
1640 1052 1744 1097 μόνῳ

328 1118 407 1161 μετ’
436 1117 612 1161 ἀληθείας
645 1118 693 1152 τὰ
729 1118 824 1152 καλὰ
860 1117 1043 1159 ἐγνωκότι
1082 1118 1142 1151 καὶ
1177 1117 1464 1160 παραδεδωκότι
1501 1117 1561 1150 καὶ
1598 1116 1743 1151 ἐλευθε-

328 1186 432 1227 ρωτῇ
459 1185 538 1217 τῶν
566 1181 830 1225 ὁμιλησάντων
860 1182 965 1226 αὐτῷ
994 1182 1199 1226 γενομένῳ.

328 1248 542 1280 Plutarchus
576 1248 620 1280 de
654 1248 798 1280 defectu
830 1247 1054 1280 oraculorum
1081 1247 1126 1281 45
1156 1258 1189 1290 p.
1209 1246 1298 1280 434ιι
1332 1247 1375 1279 de
1408 1246 1560 1289 Pythiae
1593 1246 1745 1278 oraculis
1772 1256 1802 1281 15

330 1313 350 1345 7
377 1324 411 1355 p.
431 1312 517 1345 397⁰
543 1313 601 1355 (cf.
628 1313 649 1346 5
675 1323 709 1355 p.
729 1311 840 1355 396⁰),

330 1376 439 1421 [adde
472 1387 575 1419 quam
609 1377 653 1409 de
685 1382 756 1409 arte
788 1377 925 1418 magica
953 1377 1166 1409 sententiam
1194 1387 1265 1409 non
1291 1377 1437 1420 Epicuri
1465 1376 1527 1408 sed
1553 1376 1747 1418 Epicureo-

330 1453 406 1474 rum
432 1447 583 1474 testatur
608 1442 781 1482 Origenes
808 1446 930 1474 contra
956 1442 1100 1474 Celsum
1126 1449 1141 1474 1
1168 1441 1214 1474 24
1238 1453 1271 1484 p.
1294 1441 1335 1474 18
1363 1439 1537 1484 HoebchJ
