1846 3288
470 254 538 287 DE
562 253 867 287 ACADEMICIS
893 254 956 286 ET
982 252 1176 286 CYNICIS
1404 253 1535 286 LXIX

123 382 205 407 non
238 369 444 420 scriptoris
475 369 600 408 uitam
630 369 860 420 philosophi
893 369 1089 407 narrantis
1122 371 1198 407 sed
1228 376 1379 420 poetae
1407 370 1534 408 risum

124 437 327 475 mouentis
372 437 573 487 impressa
610 449 705 474 esse
749 437 920 476 monuit.
981 438 1056 474 sed
1100 438 1152 475 de
1190 449 1342 488 genere
1382 442 1534 487 poetae

126 505 288 544 errauit.
350 516 431 541 non
464 503 670 541 mehercle
701 516 859 541 caueae
888 505 1156 554 spectandam
1185 505 1260 551 ille,
1299 506 1374 542 sed
1407 504 1535 543 homi-

122 572 241 610 nibus
281 571 598 621 elegantioribus
637 572 853 621 legendam
888 573 1105 621 scripserat
1142 572 1321 613 fabulam
1352 572 1535 622 pedestri

125 652 312 679 sermone
341 651 450 678 usus.
495 640 621 677 multa
637 639 679 676 id
699 651 827 688 genus
858 640 999 678 iocose
1030 649 1171 678 contra
1198 639 1533 690 philosophorum

124 707 337 756 opiniones
374 718 458 744 non
494 706 626 743 minus
663 717 754 743 cum
795 718 917 744 sensu
957 719 1077 756 quam
1115 719 1256 746 secum
1298 713 1533 758 pugnantes

123 775 272 824 scripta
303 775 401 812 inde
431 787 456 812 a
486 774 654 812 saeculo
684 774 802 811 tertio
836 774 1080 815 ferebantur.
1126 775 1281 813 scilicet
1311 780 1532 825 postquam

124 841 198 879 Bio
231 841 518 891 Borysthenitai
561 841 816 879 sermonibus
858 841 941 879 suis
983 839 1212 891 (διατριβαί
1244 852 1394 880 nomen
1427 839 1533 891 erat)

120 921 251 959 genus
295 909 480 960 cynicum
523 909 744 946 seueritate
785 909 950 958 risuque
995 909 1165 946 mixtum
1210 908 1402 959 perfecit,
1464 920 1532 946 cx·

122 977 312 1015 stiterunt
351 976 420 1026 qui
456 976 536 1014 iam
568 987 651 1013 non
681 983 903 1025 praecepta
933 977 1102 1015 moralia
1135 977 1289 1015 facetiis
1317 975 1533 1015 condirent

121 1045 195 1082 sed
237 1042 354 1095 quasi
386 1050 537 1094 poetae
577 1054 660 1081 tum
696 1042 965 1094 philosophos
1002 1045 1115 1093 ipsos
1152 1044 1320 1083 ridicula
1356 1055 1531 1094 persona

122 1118 289 1150 ornatos
330 1111 603 1161 exprimerent
641 1116 727 1148 tum
758 1122 898 1148 eorum
929 1112 1141 1161 opiniones
1180 1112 1376 1150 ridendas
1407 1123 1532 1161 expo·

120 1185 277 1225 nerent,
310 1179 440 1229 cynici
466 1178 687 1228 Menippus
719 1184 759 1215 et
789 1177 1000 1227 Meleager
1031 1179 1293 1217 Gadarenses
1325 1184 1367 1217 et
1397 1179 1430 1216 si
1461 1179 1531 1228 qui

121 1259 262 1285 eorum
293 1247 443 1284 similes
476 1245 647 1284 suerunt.
696 1246 751 1284 de
780 1245 962 1296 Menippi
994 1247 1141 1284 saturis
1172 1246 1253 1285 hoc
1284 1252 1348 1284 est
1377 1246 1531 1284 Laertii

120 1322 170 1354 VI
194 1316 270 1353 101
296 1314 589 1353 testimonium:
623 1311 677 1352 τὰ
697 1314 735 1353 δ’
753 1310 832 1353 οὖν
858 1313 935 1352 τοῦ
967 1314 1142 1353 κυνικοῦ
1173 1311 1312 1363 βιβλία
1342 1310 1435 1353 ἐστὶ
1466 1313 1531 1353 δε-

119 1379 296 1431 κατρία·
330 1378 497 1421 Νέκυια.
530 1379 758 1429 Διαθῆκαι.
790 1376 1038 1421 Ἐπιστολαὶ
1068 1378 1414 1430 κεκομψευμέναι
1444 1377 1530 1420 ἀπὸ

118 1450 196 1490 τοῦ
224 1448 311 1489 τῶν
342 1449 454 1489 θεῶν
484 1445 737 1498 προσώπου.
768 1445 891 1498 Πρὸς
921 1447 1025 1498 τοὺς
1053 1446 1269 1499 φυσικοὺς
1300 1445 1370 1488 καὶ
1400 1450 1532 1498 μαθη-

120 1516 324 1568 ματικοὺς
346 1516 418 1557 καὶ
437 1513 772 1566 τραμματικούς.
805 1514 874 1556 καὶ
897 1514 1032 1565 Γονὰς
1058 1507 1329 1566 Ἐπικούρου.
1362 1516 1432 1555 καὶ
1452 1513 1530 1564 τὰς

118 1583 471 1635 θρησκευομένας
491 1582 561 1625 ὑπ’
581 1582 725 1625 αὐτῶν
747 1582 945 1635 Εἰκὰδας.
969 1584 1038 1625 καὶ
1060 1582 1189 1625 ἄλλαι
1220 1586 1360 1624 mutila
1378 1585 1528 1634 tabula,

122 1653 294 1691 fortasse
332 1653 454 1691 etiam
493 1653 605 1690 hiatu
644 1652 876 1690 deformata
914 1659 1010 1691 ante
1044 1650 1166 1702 Πρὸς
1195 1650 1312 1702 τοὺς,
1344 1663 1426 1702 quo
1458 1664 1526 1702 po-

117 1722 196 1758 tuit
226 1726 268 1758 et
311 1720 482 1758 aliorum
511 1720 701 1758 librorum
732 1720 927 1758 memoria
957 1727 998 1757 et
1028 1717 1193 1769 ἕγραψε
1226 1719 1274 1759 δὲ
1307 1718 1377 1759 καὶ
1406 1720 1529 1757 inter-

117 1789 276 1827 cidere:
308 1788 388 1826 hoc
417 1789 525 1826 enim
555 1788 682 1825 uerbo
717 1800 856 1845 carere
887 1791 1098 1838 nequeunt
1131 1788 1357 1826 accusatiui
1391 1775 1529 1836 Γονὰς

118 1862 161 1893 et
191 1852 392 1905 Εἰκάδας,
437 1856 512 1893 nisi
550 1855 815 1905 neglegentia
850 1856 1101 1893 librariorum
1139 1856 1292 1894 factum
1324 1867 1416 1893 esse
1447 1860 1529 1892 sta-

117 1924 311 1961 tuerimus
353 1929 397 1961 ut
433 1924 489 1961 ad
525 1921 635 1973 πρὸς
669 1923 1019 1974 praepositionem
1057 1923 1095 1960 hi
1136 1923 1238 1961 tituli
1276 1923 1371 1961 olim
1396 1922 1528 1972 primo

116 2003 213 2029 casu
265 1991 385 2041 positi
437 1991 613 2041 pessime
669 1991 925 2030 referrentur.
998 1991 1160 2029 duabus
1209 1990 1330 2040 igitur
1383 1989 1528 2027 saturis

116 2058 336 2108 Menippus
366 2058 591 2108 Epicureos
632 2058 717 2095 sale
757 2058 873 2108 nigro
914 2058 1133 2108 perfricuit.
1188 2064 1229 2095 et
1269 2069 1321 2096 ea
1350 2057 1528 2107 quidem,

118 2126 182 2164 cui
205 2123 351 2166 Γοναί
373 2122 708 2175 ἘπικούρουῙ
735 2137 885 2163 nomen
914 2131 1015 2171 ernt,
1047 2131 1277 2163 atomorum
1298 2124 1528 2162 doctrinam

115 2193 425 2232 mordacissime
457 2192 709 2242 perstrinxit:
754 2193 964 2242 profectus
997 2205 1020 2231 a
1052 2192 1215 2230 Neoclis
1253 2191 1385 2230 fratris
1418 2191 1528 2229 dicto

116 2261 161 2299 fr.
185 2262 262 2299 178
295 2262 410 2310 quod
439 2259 660 2310 Epicurum
697 2272 781 2298 non
821 2261 1025 2310 puduerat
1060 2260 1282 2298 memoriae
1318 2259 1528 2305 mandare,

237 2393 255 2427 1
282 2394 431 2427 Miratus
462 2406 538 2427 sum
564 2406 676 2438 nuper
702 2395 769 2428 Th.
795 2394 935 2427 Kockii
973 2395 1015 2427 de
1041 2395 1140 2428 Dem.
1172 2404 1222 2427 or.
1248 2394 1339 2428 Mid.
1369 2391 1436 2430 149
1462 2393 1528 2436 τὰς

114 2451 382 2497 ἀπορρήτους.
405 2481 413 2488 .
439 2480 446 2488 .
467 2454 609 2489 τούτου
644 2454 758 2496 γονάς
787 2454 955 2486 iudicium
989 2453 1091 2497 (mus.
1118 2453 1237 2487 Rhen.
1264 2461 1331 2488 xm
1360 2465 1393 2499 p.
1419 2451 1465 2489 94
1492 2458 1527 2486 et

117 2511 212 2556 117).
251 2518 417 2545 constans
446 2519 481 2545 et
512 2518 626 2545 certus
653 2513 690 2545 in
714 2513 779 2545 hac
807 2524 843 2545 re
868 2524 954 2545 usus
979 2518 1031 2546 est
1063 2513 1200 2546 numeri
1224 2512 1385 2557 pluralis,
1406 2523 1526 2556 >neque

115 2570 216 2603 aliter
248 2569 468 2615 Χρυσίππου
504 2571 628 2616 ταφάς
660 2571 867 2604 Aristocreo
903 2572 1043 2604 Stoicus
1078 2571 1256 2615 inscripsit
1288 2570 1446 2614 (Philod.
1481 2571 1524 2603 de

115 2629 240 2662 Stoicis
267 2641 300 2674 p.
314 2629 361 2664 72
380 2629 529 2674 Comp.)‚
547 2632 753 2663 Romanum
782 2631 988 2673 scriptorem
1008 2640 1181 2671 agnoscas
1206 2630 1242 2664 in
1259 2630 1361 2663 titulo
1389 2635 1525 2663 saturae

115 2689 354 2721 Varronianae
391 2688 590 2723 Μενίππου
623 2689 744 2733 ‘rat-piu
779 2689 903 2722 eadem
930 2700 1053 2722 caussa
1084 2689 1257 2731 διαθῆκαι
1291 2689 1362 2722 dici
1396 2690 1520 2722 solent.

115 2748 266 2780 fortasse
290 2748 384 2781 idern
410 2749 546 2781 numeri
574 2760 656 2782 usus
682 2747 992 2781 Wachsmuthium
1017 2748 1128 2780 mouit
1156 2754 1191 2780 ut
1217 2747 1398 2792 (Corpusc.
1428 2759 1523 2793 pnes,

116 2817 171 2850 ep.
198 2807 310 2842 ludib.
337 2817 350 2841 1
374 2819 409 2853 p,
427 2807 485 2848 82,
506 2809 539 2851 1>
565 2808 785 2852 Ἐπικούρου
813 2809 927 2850 γονάς
951 2810 1236 2852 interpretaretur
1261 2808 1471 2851 Epicureas,
