1842 3250
603 193 809 225 EPICVRI
843 191 946 226 ΠΕΡΙ
974 191 1157 226 ΤΕΛΟΥΣ
1523 191 1589 225 123

170 310 334 351 ignorare
360 308 458 346 dicit,
486 319 590 350 quam
617 313 677 340 aut
703 307 843 349 qualem
869 318 946 339 csse
975 307 1088 339 uelint
1114 307 1174 349 qui
1202 307 1388 339 honestate
1415 317 1588 338 summum

171 373 304 404 bonum
322 373 518 405 metiantur.
551 373 581 403 si
601 373 643 404 ad
664 373 886 403 honestatem
912 372 1007 403 enim
1034 372 1154 403 onmia
1179 371 1331 403 reserant
1358 381 1473 413 neque
1493 371 1528 402 in
1548 381 1590 402 ea

173 437 393 479 uoluptatem
420 437 541 468 dicant
568 436 700 472 inesse,
737 435 785 467 ait
811 446 873 467 eos
906 446 1013 467 uoce
1046 436 1173 467 inani
1205 445 1363 466 sonare
1395 435 1467 477 (his
1495 435 1588 466 enim

170 500 261 543 ipsis
287 501 406 544 uerbis
433 500 557 542 utitur)
586 509 701 542 neque
734 499 946 537 intellegere
978 511 1042 532 nec
1077 499 1210 538 uidere,
1252 498 1318 532 sub
1346 499 1435 530 hanc
1462 509 1588 530 uocem

131 571 146 597 δ
172 564 369 597 honestatis
396 574 487 607 quae
515 565 558 596 sit
587 564 799 595 subicienda
825 565 1010 595 sententia.
1039 570 1075 596 ut
1103 564 1196 595 enim
1222 564 1445 595 consuetudo
1473 562 1589 606 loqui-

171 633 236 665 tur,
276 629 313 660 id
349 628 465 661 solum
502 628 630 660 dicitur
664 628 866 670 honestum,
899 629 996 670 quod
1034 634 1087 659 est
1122 628 1288 671 populari
1327 628 1419 659 fama
1457 627 1588 668 glorio-

172 703 259 726 sum.
287 693 422 735 quod,
450 693 575 735 inquit,
600 702 860 734 quamquam
888 692 1202 735 uoluptatibus
1230 691 1496 735 quibusdam
1524 696 1589 723 est

172 766 303 800 saepe
331 757 584 799 iucundius,
611 762 751 788 tamen
777 758 1002 799 expetitur
1028 762 1212 799 propter
1235 755 1539 799 uoluptatem'.

101 879 146 913 70
285 872 488 923 τιμητέον
519 871 569 913 τὸ
601 872 736 913 καλὸν
775 872 842 912 καὶ
879 871 959 922 τὰς
1000 870 1159 922 ἀρετὰς
1199 870 1268 912 καὶ
1303 871 1356 911 τὰ
1395 870 1589 912 τοιουτό-

117 962 147 985 10
170 958 323 996 τροπα,
356 945 434 986 ἐὰν
463 944 628 994 ἡδονὴν
659 944 988 998 παρασκευάζῃ·
1020 945 1097 986 ἐὰν
1120 944 1166 985 δὲ
1192 944 1244 993 μὴ
1267 943 1590 999 παρασκευάζῃ,

171 1017 333 1069 χαίρειν
366 1016 532 1058 ἐατέον.

175 1090 411 1124 A'rnmunvs
437 1098 496 1123 ΧΠ
521 1101 557 1134 p.
577 1088 663 1124 546s
701 1090 770 1124 κάν
803 1093 858 1132 τῷ
885 1089 979 1133 Περὶ
1010 1090 1144 1132 τέλους
1173 1091 1213 1125 δὲ
1240 1090 1352 1125 πάλιν
1379 1089 1439 1134 [cf.
1467 1091 1508 1123 fr.
1526 1088 1588 1133 67]

171 1153 265 1198 φησί
296 1154 519 1197 τιμητέον
547 1182 654 1188 .....
683 1155 863 1195 ἐατέον,
899 1157 1034 1197 σαφῶς
1068 1155 1263 1198 ὑπουργὸν
1290 1156 1410 1188 ποιῶν
1437 1154 1476 1188 ἐν
1502 1153 1588 1187 τού-

171 1229 250 1260 τοις
287 1220 358 1262 τὴν
399 1220 538 1262 ἀρετὴν
569 1221 637 1260 τῆς
679 1220 819 1262 ἡδονῆς
858 1221 919 1253 καὶ
960 1219 1191 1263 Θεραπαίνης
1224 1219 1326 1254 τάξιν
1363 1219 1587 1261 ἐπέχουσαν.

116 1292 148 1318 15
172 1291 228 1317 ΥΠ
246 1295 279 1327 p.
296 1283 384 1318 280⁹
412 1284 497 1326 (κάν
523 1287 578 1327 τῷ
606 1283 700 1327 Περὶ
726 1284 858 1325 τέλους
884 1285 924 1318 δέ
949 1293 1066 1327 φησιν
1095 1285 1198 1319 οὕτω
1224 1295 1305 1326 πως
1326 1304 1368 1309 -
1388 1284 1505 1328 sr.67)
1528 1284 1588 1318 καὶ

171 1349 371 1392 προελθών
396 1358 490 1392 φησι
517 1349 638 1390 λέγων
664 1349 887 1391 τιμητέον
915 1376 922 1383 .
940 1377 946 1383 .
965 1377 970 1383 .
988 1377 995 1383 .
1024 1349 1210 1383 ἐατέον.

100 1445 143 1477 71
293 1443 490 1479 mevs
517 1444 626 1480 Dmu.
654 1454 677 1479 x
710 1447 792 1480 136:
830 1447 900 1478 uid.
929 1457 1035 1489 supra
1063 1448 1102 1479 fr.
1126 1446 1155 1479 1.

622 1556 747 1588 XLVI
792 1554 1086 1589 τιΜοκΡΑτΗΣ
1116 1543 1140 1589 ἵ

292 1634 435 1670 CICERO
464 1637 507 1668 de
535 1643 603 1669 nat.
632 1638 731 1670 deor.
763 1646 772 1670 1
802 1636 858 1674 33,
880 1637 924 1670 93
967 1637 1062 1668 ‘cum
1088 1637 1264 1679 Epicurus
1294 1663 1299 1668 .
1324 1660 1357 1669 ..
1388 1636 1590 1668 Metrodori

113 1711 146 1736 ρο
172 1700 308 1732 sodalis
346 1701 401 1733 sui
433 1701 573 1734 fratrem
608 1702 845 1739 Timocraten,
886 1702 969 1744 quia
1007 1702 1130 1733 nescio
1169 1702 1255 1744 quid
1289 1701 1324 1731 in
1357 1700 1591 1743 philosophia

172 1765 387 1804 dissentiret,
414 1766 499 1798 totis
527 1766 771 1798 uoluminibus
800 1765 1024 1799 conciderit'.

218 1829 479 1863 PLV'rARchs
499 1830 713 1863 adu.C010t.
733 1831 777 1864 32
797 1842 830 1874 p.
850 1832 956 1864 1126ο
986 1829 1202 1872 Ἐπίκουρος
1221 1830 1288 1870 μέν
1306 1829 1378 1872 γὰρ
1398 1828 1448 1869 εἰς
1463 1827 1590 1863 Ἀσίαν

170 1894 353 1937 ἐξέπεμπε
378 1895 470 1936 τοὺς
495 1894 718 1938 Τιμοκράτει
751 1895 1105 1938 λοιδορησομένους,
1141 1895 1210 1935 τῆς
1238 1895 1428 1937 βασιλικῆς
1454 1893 1589 1929 ἐξελῶν

170 1959 287 2002 αὐλῆς
311 1959 379 1993 τὸν
407 1960 622 2002 ἄνθρωπον,
652 1960 710 1993 ὅτι
736 1959 987 2003 Μητροδώρῳ
1014 1958 1299 2002 προσέκρουσεν
1325 1957 1489 2000 ἀδελφὸς
1516 1957 1589 1990 ὤν·

111 2036 145 2063 25
169 2024 229 2058 καὶ
252 2026 373 2058 ταῦτα
402 2024 441 2058 ἐν
467 2027 547 2066 τοῖς
573 2023 724 2067 βιβλίοις
750 2024 958 2066 γέγραπται
987 2026 1065 2064 τοῖς
1092 2022 1258 2057 ἐκείνων.

864 2122 892 2156 Α

97 2200 143 2234 72
264 2197 455 2231 SCRIPTOR
489 2206 680 2231 melem-vs
706 2197 796 2230 VH2
829 2206 854 2230 x
881 2197 948 2232 201
982 2198 1021 2230 fr.
1042 2204 1139 2230 xmv
1192 2197 1273 2241 Ικάν
1307 2195 1388 2240 τῶι]
1419 2196 1589 2240 πρώτωξι

167 2263 244 2295 τῶν
272 2261 368 2306 περὶ]
395 2261 688 2306 Τιμοκρ[άτους].

171 2325 260 2368 [uid.
290 2327 330 2360 fr.
349 2328 407 2366 41,
443 2328 537 2359 unde
570 2332 667 2369 patet
694 2328 729 2359 in
756 2327 825 2358 hoc
858 2337 1002 2369 quoque
1035 2326 1129 2357 libro
1158 2325 1353 2369 Epicurum
1387 2326 1431 2359 de
1467 2331 1590 2358 natura

111 2400 145 2426 30
168 2391 314 2423 deorum
342 2401 381 2423 ac
409 2391 452 2423 de
480 2392 611 2434 pietate
639 2391 882 2434 disseruisse]

870 2489 890 2522 Γ

97 2566 142 2599 73
286 2562 483 2597 annvs
502 2563 612 2598 Dloo.
630 2573 656 2597 x
676 2565 720 2597 23
747 2564 881 2605 γέγονε
901 2564 940 2597 δὲ
961 2562 1252 2608 (Μητρόδωρος)
1279 2563 1420 2604 ἀγαθὸς
1449 2563 1584 2606 πάντα,

289 2730 332 2763 16
358 2730 479 2772 λέγειν
506 2731 592 2764 libri
632 2729 649 2776 ΙΙ
690 2732 735 2765 23
767 2731 846 2775 τήςΙ
875 2731 934 2765 καὶ
962 2733 1028 2772 τῆς
1055 2731 1139 2763 fibri
