1842 3250
281 232 352 266 200
763 229 967 261 EPICVRI
995 230 1059 260 PH
1064 229 1208 261 YSICA
1556 230 1597 264 fr.
1625 229 1690 264 281

286 346 583 378 commenticiam:
624 344 805 376 declinare
833 344 922 375 dixit
947 350 1101 375 atomum
1128 344 1364 387 perpaullum,
1400 354 1470 386 quo
1498 344 1587 376 nihil
1614 356 1696 388 pos·

283 416 337 443 set
369 410 445 442 fieri
478 409 613 442 minus:
657 410 704 441 ita
741 407 835 440 effici
871 407 1129 450 conplexiones
1163 412 1198 440 et
1229 408 1479 450 copulationes
1507 413 1541 440 et
1568 409 1696 442 adhae-

285 476 405 507 siones
440 478 636 505 atomorum
671 474 763 504 inter
798 483 853 510 se,
895 483 936 504 ex
971 483 1042 514 quo
1080 472 1280 504 efficeretur
1315 473 1467 503 mundus
1500 483 1697 516 omnesque

282 545 400 582 partes
428 538 549 570 mundi
577 547 739 580 quaeque
765 537 802 568 in
829 547 872 568 eo
901 542 1031 569 essent.
1059 562 1066 568 .
1180 537 1257 578 ipsa
1283 536 1478 569 declinatio
1506 537 1551 568 ad
1578 537 1698 570 libidi-

284 614 363 636 nem
391 602 534 643 fingitur
562 620 603 625 -—
631 602 679 633 ait
706 601 798 633 enim
827 600 1007 632 declinare
1035 606 1188 633 atomum
1214 600 1290 632 sine
1316 610 1440 632 caussa
1459 625 1466 632 .
1488 627 1495 634 .
1517 628 1523 634 .
1545 626 1553 634 .
1573 620 1636 640 -—‚
1664 607 1698 634 et
1722 607 1738 633 5

282 668 384 699 illum
411 671 544 698 motum
572 665 768 697 naturalem
795 665 951 696 omnium
970 665 1182 707 ponderum,
1209 670 1247 696 ut
1272 664 1350 708 ipse
1377 666 1573 704 constituit,
1601 677 1619 698 e
1647 677 1698 698 re-

282 734 389 773 gione
423 732 629 763 inferiorem
663 730 781 762 locum
816 731 1013 772 petentium
1039 730 1117 761 sine
1144 740 1271 761 caussa
1297 730 1428 773 eripuit
1453 730 1590 769 atomis,
1633 740 1697 763 nec

281 802 398 829 tamen
424 795 461 828 id
489 796 588 827 cuius
615 805 741 827 caussa
769 795 855 827 haec
882 794 1040 832 finxerat,
1081 800 1263 827 assecutus
1291 799 1355 828 est.
1410 805 1489 827 nam
1517 796 1546 826 si
1574 806 1696 828 omnes
1721 798 1784 830 (2⁰)

281 860 389 892 atomi
425 858 670 896 declinabunt,
711 857 832 889 nullae
860 868 1024 900 umquam
1053 858 1323 895 cohaerescent3
1366 858 1444 890 siue
1471 859 1562 891 aliae
1589 859 1697 892 decli·

281 925 429 963 nabunt,
465 924 556 955 aliae
585 934 649 955 suo
679 928 766 954 nutu
793 929 887 954 recte
917 924 1087 960 serentur,
1122 923 1273 965 primum
1300 923 1365 954 erit
1393 923 1461 955 hoc
1488 924 1589 966 quasi
1618 935 1698 968 pro·
1726 929 1756 954 10

282 989 418 1021 uincias
438 987 565 1020 atomis
585 989 680 1026 (lare,
707 998 799 1030 quae
826 993 922 1020 recte
944 998 1036 1030 quae
1058 987 1208 1030 oblique
1228 988 1395 1026 ferantur,
1422 988 1553 1020 deinde
1574 989 1697 1021 eadem

280 1054 346 1086 illa
365 1059 574 1090 atomorum,
602 1053 637 1084 in
657 1044 727 1095 quo
748 1053 853 1084 etiam
871 1052 1099 1084 Democritus
1127 1052 1260 1090 haeret,
1287 1052 1491 1085 turbulenta
1509 1053 1697 1085 concursio

282 1118 375 1150 hunc
400 1117 524 1149 mundi
550 1121 713 1148 ornatum
741 1116 882 1148 efficere
910 1127 981 1148 non
1006 1116 1169 1160 poterit'.

282 1182 425 1216 CICERO
453 1182 497 1213 de
526 1182 598 1213 sato
630 1183 683 1219 10,
712 1182 756 1213 22
783 1181 980 1224 ‘Epicurus
1009 1180 1251 1213 declinatione
1279 1181 1387 1213 atomi
1414 1181 1516 1214 uitari
1544 1183 1699 1214 necessi-

281 1253 389 1280 tatem
416 1247 477 1279 sati
505 1252 617 1290 putat.
670 1247 790 1289 itaque
824 1247 950 1278 tertius
978 1246 1123 1289 quidam
1149 1250 1267 1277 motus
1298 1247 1411 1278 oritur
1437 1252 1533 1278 extra
1558 1247 1698 1289 pondus
1725 1253 1756 1278 15

282 1318 314 1345 et
341 1313 493 1355 plagam,
532 1322 610 1343 cum
638 1311 794 1344 declinat
827 1316 964 1343 atomus
998 1310 1191 1343 interuallo
1229 1311 1376 1343 minimo
1402 1329 1449 1335 -—
1475 1311 1513 1342 id
1540 1311 1700 1354 appellat

282 1377 479 1420 ἐλάχιστον
499 1387 561 1408 ——:
590 1387 694 1419 quam
719 1376 996 1408 declinationem
1016 1376 1092 1408 sine
1111 1386 1238 1408 caussa
1264 1375 1340 1407 fieri
1368 1376 1397 1407 si
1424 1375 1540 1407 minus
1567 1376 1697 1413 uerbis,

281 1453 318 1475 re
337 1443 476 1483 cogitur
495 1441 668 1474 confiteri.
696 1452 768 1472 non
795 1442 888 1473 enim
915 1446 1053 1473 atomus
1081 1441 1126 1472 ab
1155 1446 1273 1472 atomo
1301 1440 1405 1483 pulsa
1424 1440 1591 1473 declinat.
1619 1451 1698 1472 nam

282 1508 344 1551 qui
370 1511 490 1550 potest
516 1506 606 1549 pelli
633 1506 704 1538 alia
731 1506 775 1537 ab
803 1505 883 1543 alia,
913 1506 943 1537 si
971 1506 1144 1546 grauitate
1164 1506 1323 1537 seruntur
1341 1505 1385 1537 ad
1404 1505 1699 1548 perpendiculum

282 1581 434 1615 corpora
460 1571 648 1603 indiuidua
673 1570 778 1602 rectis
806 1570 924 1608 lineis,
950 1574 988 1602 ut
1006 1570 1162 1613 Epicuro
1187 1568 1328 1612 placet?
1358 1570 1517 1612 sequitur
1544 1569 1638 1601 enim
1663 1574 1700 1601 ut
1723 1573 1756 1598 20

282 1637 311 1668 si
339 1635 409 1667 alia
434 1636 479 1668 ab
506 1635 577 1667 alia
605 1645 795 1677 numquam
823 1633 1036 1677 depellatur,
1065 1644 1109 1666 ne
1129 1634 1309 1675 contingat
1328 1634 1472 1676 quidem
1494 1634 1563 1666 alia
1583 1634 1699 1667 aliam.

283 1711 322 1732 ex
354 1711 425 1743 quo
454 1699 616 1738 efficitur,
646 1699 751 1731 etiam
780 1699 810 1731 si
837 1699 883 1731 sit
911 1704 1048 1731 atomus
1076 1708 1188 1741 eaque
1216 1699 1383 1735 declinet.
1417 1699 1597 1730 declinare
1625 1699 1700 1730 sinc

283 1776 418 1798 caussa.
457 1766 561 1797 Hanc
579 1765 758 1808 Epicurus
784 1764 957 1797 rationem
984 1764 1125 1796 induxit
1154 1764 1201 1795 ob
1229 1774 1304 1796 eam
1331 1774 1417 1800 rem,
1444 1764 1540 1806 quod
1566 1764 1699 1796 ueritus
1722 1770 1784 1802 (23)

284 1836 337 1863 est
368 1841 412 1862 ne
441 1831 470 1862 si
502 1841 640 1873 semper
677 1834 813 1862 atomus
847 1829 1020 1870 grauitate
1055 1829 1205 1861 ferretur
1240 1828 1391 1860 naturali
1420 1839 1459 1860 ac
1487 1828 1699 1866 necessaria,

281 1895 370 1928 nihil
399 1895 554 1927 liberum
578 1894 684 1927 nobis
713 1900 818 1933 esset,
846 1905 924 1926 cum
952 1895 1001 1927 ita
1026 1900 1228 1926 moueretur
1254 1894 1401 1932 animus,
1438 1898 1477 1926 ut
1503 1898 1699 1925 atomorum
1723 1901 1757 1927 ‘25

280 1965 378 1993 motu
409 1965 607 2001 cogeretur.
658 1960 695 1992 id
722 1959 949 1992 Democritus
983 1964 1107 1991 auctor
1139 1964 1338 1991 atomorum
1370 1958 1532 2001 accipere
1563 1958 1700 1997 maluit,

282 2025 496 2057 necessitate
525 2024 645 2056 omnia
671 2023 759 2062 fieri,
785 2033 890 2067 quam
918 2035 936 2055 a
963 2023 1176 2066 corporibus
1202 2022 1401 2056 indiuiduis
1429 2022 1601 2054 naturalis
1627 2033 1700 2054 mo·

282 2094 337 2121 tus
366 2089 555 2122 auellere’.

281 2154 369 2188 ibid.
397 2154 454 2194 20,
481 2154 527 2187 46
568 2152 657 2186 ‘hoc
688 2154 797 2186 modo
825 2154 916 2186 hanc
942 2164 1103 2186 caussam
1130 2153 1324 2197 disceptari
1356 2156 1509 2196 oportet,
1551 2162 1622 2184 non
1655 2152 1699 2184 ab

283 2219 410 2251 atomis
445 2218 643 2252 errantibus
680 2224 714 2251 et
743 2219 788 2251 de
816 2219 874 2252 uia
904 2218 1170 2252 declinantibus
1202 2223 1324 2262 petere
1359 2216 1589 2262 praesidium,
1640 2216 1700 2248 de·
1722 2226 1756 2251 ³0

283 2283 404 2321 clinat,
432 2284 559 2327 inquit,
587 2289 737 2318 atomus.
761 2284 911 2327 primum
937 2283 1017 2316 cur?
1044 2283 1149 2316 aliam
1177 2283 1269 2316 enim
1296 2283 1473 2326 quandam
1492 2284 1563 2316 uim
1581 2288 1698 2316 motus

281 2347 464 2380 habebant
487 2360 507 2380 a
529 2349 737 2382 Democrito
765 2348 995 2393 inpulsionis,
1023 2359 1126 2391 quam
1153 2348 1293 2391 plagam
1320 2348 1383 2380 ille
1410 2347 1580 2392 appellat,
1609 2359 1628 2380 a
1653 2354 1698 2388 te,

284 2412 450 2455 Epicure,
479 2413 662 2454 grauitatis
682 2419 716 2446 et
733 2413 917 2456 ponderis.
944 2424 1034 2457 quae
1062 2424 1146 2455 ergo
1173 2424 1269 2445 noua
1294 2424 1420 2445 caussa
1444 2414 1481 2445 in
1506 2418 1629 2446 natura
1647 2418 1701 2446 est

282 2487 352 2518 qua
382 2476 538 2509 declinet
572 2477 732 2510 atomus?
780 2482 840 2510 aut
866 2488 948 2510 num
981 2478 1177 2510 sortiuntur
1203 2477 1294 2509 inter
1320 2488 1370 2516 se,
1410 2488 1500 2520 quae
1529 2477 1698 2516 declinet,

282 2551 374 2583 quae
401 2540 495 2573 non?
538 2545 597 2574 aut
624 2552 685 2574 cur
708 2541 854 2575 minimo
888 2542 1072 2575 declinent
1097 2542 1302 2585 interuallo,
1341 2542 1477 2574 maiore
1503 2542 1598 2574 non?
1641 2547 1700 2574 aut
1723 2549 1756 2575 35

282 2615 344 2637 cur
370 2605 553 2638 declinent
578 2616 649 2638 uno
678 2604 837 2645 minimo,
863 2617 936 2639 non
962 2605 1146 2639 declinent
1172 2606 1313 2638 duobus
1338 2611 1397 2638 aut
1415 2606 1550 2638 tribus?
1577 2611 1699 2649 optare

402 2760 450 2794 34
476 2772 571 2803 quae
597 2762 755 2794 declinet
777 2766 938 2794 atomum
962 2760 1064 2794 libriz
1093 2770 1183 2795 corr.
1209 2760 1380 2793 Dauisius
