1846 3288
290 208 360 239 XL
847 204 1138 237 PRAEFATIO

291 320 475 358 doctrina
504 326 665 369 sumpta
694 319 874 357 tradunt.
934 317 1226 367 Theophrasto
1256 325 1366 357 certe
1395 318 1699 358 Chaldaeorum

291 398 355 425 ars
392 387 611 424 coniectrix
641 392 741 424 nota
772 386 857 429 fuit,
889 384 971 434 qui,
1004 397 1095 423 cum
1113 386 1356 423 Aristoteles
1387 387 1488 424 anal.
1512 398 1570 435 pr.
1592 393 1628 426 II
1646 387 1696 425 27

289 466 329 502 p.
353 450 425 493 701³
445 456 467 492 7
489 466 573 505 sqq.
612 466 662 491 ex
695 458 780 491 arte
811 439 1211 501 physiognomonum
1247 453 1476 502 exemplum
1513 453 1700 502 petiisset

290 520 549 558 coniecturae
579 532 629 557 ex
661 519 786 568 signis
818 519 1064 568 capiundae,
1099 519 1140 555 in
1172 519 1272 556 libro
1294 517 1392 568 περὶ
1411 517 1601 568 σημείων
1624 532 1698 557 eo-

291 589 386 625 dem
417 588 585 625 consilio
612 587 809 624 famosam
840 586 1018 624 siderum
1051 587 1431 635 interpretationem
1462 599 1593 635 nuper
1623 599 1694 624 ex-

290 660 422 691 ortam
453 654 644 692 tractauit
675 651 743 701 (cf.
776 652 943 690 Proclus
975 653 1015 690 in
1048 652 1148 691 Plat.
1181 653 1282 690 Tim.
1313 665 1352 702 p.
1383 654 1460 692 285
1486 653 1577 703 sq.).
1627 666 1699 691 ne-

292 735 371 773 que
402 722 484 760 ullo
516 722 641 759 modo
674 721 840 758 obstare
877 733 986 770 quae
1018 722 1071 759 de
1104 721 1246 758 Berosi
1278 722 1528 771 temporibus
1561 721 1700 759 ferun-

292 786 378 827 tur¹
409 790 489 827 iam
523 789 745 826 Salmasius
779 800 934 826 exerce.
969 788 1066 826 Plin.
1099 801 1138 838 p.
1165 790 1245 827 456
1277 788 1327 827 cf.
1363 789 1443 828 462
1465 785 1549 838 (ed.
1574 787 1699 835 1689)

292 857 498 894 intellexit.
560 856 658 905 quid
698 857 811 905 quod
851 855 1051 893 Cicerone
1093 862 1199 893 teste
1241 856 1294 892 de
1333 856 1459 895 diuin.
1490 863 1526 895 ΙΙ
1556 857 1624 906 42,
1647 853 1698 894 87

290 921 511 962 ‘Eudoxus
542 922 724 960 Platonis
755 924 932 967 auditor,
962 924 1003 960 in
1034 923 1329 971 astrologia...
1348 923 1465 961 facile
1492 919 1698 972 princeps'

294 990 600 1029 Chaldaeorum
643 990 806 1028 fraudes
852 989 1095 1029 damnauit?
1155 1003 1238 1028 non
1281 990 1414 1028 habeo
1461 1001 1531 1027 cur
1577 990 1701 1027 fidem

293 1059 402 1109 testi,
432 1058 561 1107 qualis
583 1063 646 1095 est
671 1057 924 1103 Carneades,
957 1058 1167 1108 derogem.
1211 1063 1252 1095 at
1273 1057 1472 1095 Eudoxus
1498 1057 1558 1094 uir
1579 1057 1701 1107 longe

294 1126 576 1176 peregrinatus
596 1132 759 1176 poterat
782 1125 931 1164 famam
963 1126 1068 1164 illius
1100 1126 1196 1164 artis
1227 1126 1433 1174 accepisse
1460 1130 1556 1162 ante
1578 1136 1701 1173 quam

292 1194 332 1229 in
355 1192 531 1231 Graecia
562 1193 652 1244 ipsa
685 1198 955 1231 exerceretur.
995 1205 1090 1243 ergo
1123 1205 1215 1231 cum
1244 1192 1340 1229 nihil
1374 1193 1509 1230 obstet
1542 1192 1699 1241 quomi-

291 1271 368 1297 nus
392 1260 531 1298 omnia
557 1272 605 1297 ex
629 1260 791 1310 Epicuri
817 1260 926 1298 libris
948 1266 1138 1309 excerpta
1159 1272 1250 1298 esse
1273 1265 1514 1304 statuamus,
1547 1259 1701 1308 epistu-

294 1328 373 1365 lam
394 1335 427 1367 ΙΙ
447 1327 488 1364 in
504 1340 558 1365 eo
581 1328 769 1365 librorum
787 1340 941 1377 genere
959 1340 1158 1377 ponemus
1177 1328 1289 1377 quod
1305 1339 1443 1376 neque
1461 1326 1701 1364 Democrito

292 1407 428 1445 neque
445 1395 654 1433 Aristoteli
675 1395 819 1444 defuit,
851 1408 875 1433 a
898 1395 1109 1445 Thrasyllo
1127 1396 1235 1433 bene
1267 1402 1456 1433 notatum
1484 1394 1545 1431 his
1566 1394 1700 1431 uerbis

292 1464 404 1512 apud
449 1463 658 1501 Laertium
701 1462 935 1512 Diogenem
977 1469 1029 1503 IX
1052 1465 1102 1501 49
1149 1461 1200 1507 τὰ
1233 1461 1270 1502 δ’
1298 1459 1410 1501 ἄλλα
1455 1458 1543 1500 ὅσα
1587 1460 1701 1510 τινὲς

292 1527 592 1579 ἀναφέρουσιν
637 1527 698 1579 εἰς
737 1527 871 1570 αὐτόν
912 1528 1239 1579 (Democritum),
1276 1527 1335 1568 τὰ
1382 1527 1473 1578 μὲν
1513 1527 1567 1568 ἐκ
1597 1528 1701 1569 τῶν

292 1595 455 1638 αὐτοῦ
513 1594 910 1645 διεσκεύασται,
972 1595 1024 1636 τὰ
1074 1598 1110 1636 δ’
1163 1593 1528 1646 ὁμολογουμένως
1579 1593 1698 1636 ἐστὶν

290 1662 510 1714 ἀλλότρια.

406 1731 691 1770 Necessarium
721 1731 901 1770 officium
931 1733 1057 1781 idque
1081 1732 1244 1769 difficile
1266 1738 1308 1768 et
1339 1731 1434 1768 mihi
1465 1730 1703 1769 inchoatum

294 1806 453 1838 tantum
484 1799 587 1838 haec
623 1799 796 1849 epistula
834 1799 1043 1848 interpreti
1075 1799 1243 1850 inponit,
1284 1805 1327 1836 ut
1358 1803 1548 1837 auctores
1579 1800 1702 1837 ratio-

291 1879 402 1919 num,
433 1879 534 1917 quas
564 1866 733 1917 singulis
756 1867 877 1906 rebus
900 1867 1034 1905 uarias
1057 1867 1256 1916 Epicurus
1288 1866 1485 1912 adhibuit,
1516 1866 1699 1915 indaget.

291 1936 416 1974 ualde
457 1934 564 1973 enim
602 1941 752 1973 erraret
796 1935 864 1984 qui
894 1934 968 1972 has
998 1946 1141 1972 omncs
1172 1934 1394 1984 Epicurum
1425 1941 1703 1972 commentum

291 2015 385 2041 esse
427 2003 691 2041 existimaret.
752 2014 858 2052 quae
898 2003 1122 2053 pleraeque
1160 2003 1216 2040 ita
1252 2014 1344 2039 eum
1376 2001 1589 2039 sententiis
1620 2007 1704 2040 tum

292 2069 493 2119 Leucippi
524 2069 832 2119 Democritique
864 2075 951 2107 tum
984 2076 1212 2107 ceterorum
1243 2069 1577 2118 physiologorum
1607 2081 1705 2107 con-

292 2137 476 2187 ueniunt,
509 2143 553 2175 ut
586 2143 700 2175 certo
731 2137 881 2175 certius
913 2137 965 2174 sit
988 2137 1208 2187 Epicurum
1229 2148 1300 2174 eas
1324 2142 1368 2172 ut
1399 2147 1588 2186 quaeque
1610 2149 1705 2187 pro-

293 2204 503 2242 babilitate
530 2205 809 2243 commendari
827 2205 1044 2243 uidebatur
1075 2205 1227 2254 eligere
1251 2204 1414 2242 solitum
1436 2215 1539 2241 esse.
1580 2216 1704 2254 quam

291 2272 345 2309 ob
363 2284 448 2309 rem
469 2277 510 2309 et
526 2272 628 2310 haec
645 2273 821 2322 epistula
838 2279 880 2310 et
897 2273 1064 2311 Lucreti
1086 2273 1173 2310 libri
1187 2280 1220 2313 V
1242 2278 1283 2310 et
1298 2279 1349 2312 VI
1370 2277 1524 2322 quanta
1544 2272 1706 2322 possint

295 2340 349 2378 ad
378 2340 685 2390 perspiciendas
717 2346 903 2378 ueterum
934 2340 1117 2378 rationes
1150 2340 1326 2378 utilitate
1356 2351 1462 2384 esse,
1492 2339 1619 2376 modo
1651 2339 1704 2376 de

294 2413 461 2444 auctore
494 2408 725 2445 sententiae
756 2414 931 2454 constet,
964 2420 1088 2446 nemo
1120 2420 1204 2446 non
1234 2404 1479 2457 intelleget2.
1530 2407 1704 2456 elegisse

294 2479 430 2530 autem
466 2475 687 2523 Epicurum
729 2475 964 2526 perquisitis
1003 2476 1183 2513 omnium
1222 2475 1556 2526 physiologorum
1596 2473 1704 2511 libris

414 2634 432 2670 1
460 2637 505 2669 cs.
523 2636 561 2670 C.
583 2635 778 2670 Muellerus
804 2637 880 2670 Frr.
906 2636 987 2669 hist.
1014 2646 1064 2677 gr.
1093 2640 1115 2670 t.
1136 2643 1161 2669 u
1188 2646 1221 2679 p.
1241 2634 1321 2678 495,
1349 2633 1587 2668 Schneiderus
1613 2633 1704 2666 Saxo

294 2695 337 2727 ad
363 2696 502 2730 Vitruu.
528 2705 570 2729 11
596 2695 618 2731 2
642 2701 667 2729 t.
693 2704 737 2729 111
763 2706 797 2739 p.
818 2695 897 2730 187.

413 2753 436 2788 2
461 2755 703 2787 Herm-aunum
729 2754 829 2788 Diels
855 2755 964 2787 uideo
990 2754 1057 2786 hoc
1086 2754 1182 2787 sonte
1207 2754 1257 2786 uti
1285 2753 1329 2786 ad
1355 2753 1514 2794 Doxogr.
1539 2763 1573 2796 p.
1591 2752 1649 2792 25,
1670 2751 1702 2786 2.
