1846 3288
291 1017 322 1041 10

292 1335 363 1365 ιδ’

287 1665 320 1690 20

285 1989 318 2015 25

285 2315 319 2339 30

349 308 395 343 86

684 423 916 466 Χαιρέδημος

682 487 777 531 Περὶ
808 489 906 522 θεῶν

683 551 777 595 Περὶ
806 552 1007 595 ὁσιότητος

681 615 906 658 Ἡγησιάναξ

683 681 778 724 Περὶ
806 679 897 723 βίων
924 681 1090 724 τέσσαρα

684 745 779 789 Περὶ
806 745 1090 788 δικαιοπραγίας

685 810 850 852 Νεοκλῆς
876 810 970 853 πρὸς
997 810 1184 852 Θεμίσταν

682 875 899 916 Συμπόσιον

684 939 895 982 Εὐρύλοχος
920 939 1014 982 πρὸς
1041 939 1304 983 Μητρόδωρον

684 1003 778 1047 Περὶ
804 1006 874 1038 τοῦ
901 1004 994 1047 ὁρᾶν

682 1067 777 1112 Περὶ
802 1070 872 1111 τῆς
898 1068 938 1103 ἐν
964 1071 1013 1113 τῇ
1039 1067 1170 1113 ἀτόμῳ
1194 1067 1334 1111 γωνίας

681 1132 775 1176 Περὶ
805 1132 907 1175 ἁφῆς

680 1196 774 1240 Περὶ
802 1195 1026 1239 εἱμαρμένης

680 1260 774 1304 Περὶ
800 1263 935 1295 παθῶν
966 1261 1068 1295 δόξαι
1093 1261 1187 1304 πρὸς
1215 1260 1453 1304 Τιμοκράτην

681 1323 980 1368 Προγνωστικόν

682 1389 968 1432 Προτρεπτικός

681 1454 776 1498 Περὶ
803 1454 972 1489 εἰδώλων

679 1518 774 1561 Περὶ
799 1517 1012 1561 φαντασίας

679 1583 965 1626 Ἀριστόβουλος

681 1647 774 1691 Περὶ
802 1650 984 1690 μουσικῆς

679 1712 773 1756 Περὶ
800 1713 1041 1755 δικαιοσύνης
1067 1714 1127 1747 καὶ
1152 1715 1230 1747 τῶν
1258 1714 1383 1748 ἄλλων
1409 1714 1558 1758 ἀρετῶν

678 1776 772 1820 Περὶ
799 1777 935 1820 δώρων
963 1778 1022 1811 καὶ
1049 1778 1202 1820 χάριτος

678 1841 909 1885 Πολυμήδης

677 1906 914 1950 Τιμοκράτης
940 1918 962 1942 α
989 1898 1010 1950 ᾗ
1033 1898 1059 1949 γ

678 1971 939 2016 Μητρόδωρος
965 1962 988 2006 ἆ
1011 1962 1034 2015 ᾗ
1060 1962 1084 2014 γ
1109 1961 1134 2006 δ
1154 1962 1178 2007 ἶ

680 2034 903 2079 Ἀντίδωρος
930 2047 953 2070 α
981 2038 1000 2079 β

679 2099 774 2143 Περὶ
798 2101 925 2135 νότων
952 2101 1055 2136 δόξαι
1083 2101 1177 2144 πρὸς
1203 2101 1352 2144 Μιθρῆν

678 2164 927 2207 Καλλιστόλας

676 2227 771 2271 Περὶ
797 2227 984 2270 βασιλείας

678 2292 916 2335 Ἀναξιμένης

677 2356 899 2392 Ἐπιστολαί.

461 2479 482 2511 2
521 2478 619 2523 περὶ]
645 2479 668 2521 ἢ
696 2480 781 2523 περὶ
807 2491 823 2512 5
881 2479 896 2524 ΙΙ
955 2481 976 2512 4
1003 2480 1025 2522 ἢ
1051 2480 1178 2523 ’.Ηγησ
1207 2492 1222 2512 5
1281 2480 1296 2523 ii
1353 2482 1374 2514 5
1401 2480 1583 2525 τέσσαρα]
1612 2481 1632 2514 δ
1658 2480 1706 2512 Ff
1744 2479 1755 2525 Η

342 2539 361 2571 7
397 2539 576 2581 θέμισταν
603 2541 639 2571 H
694 2537 710 2581 n
767 2539 860 2572 24-
865 2539 912 2573 26
943 2550 1110 2572 numeros
1144 2539 1302 2580 integxos
1337 2550 1377 2571 ex
1410 2540 1753 2584 pinacographorum

340 2608 437 2630 more
471 2598 557 2630 dant
582 2599 725 2640 BHPQ,
759 2597 921 2639 singulos
947 2608 981 2640 γ,
1011 2609 1039 2640 ε,
1068 2599 1163 2640 ssFf
1211 2598 1226 2641 ΙΙ
1279 2598 1324 2631 27
1350 2599 1477 2633 νόσων
1505 2600 1711 2632 Gassendus
1752 2598 1756 2642 Ι

341 2657 476 2699 μίθρην
494 2658 579 2689 libri
607 2656 755 2700 Μίθραν
775 2657 933 2689 Cobetus
969 2656 984 2699 Η
1020 2657 1066 2689 28
1094 2657 1338 2698 καλλιστολὰς
1358 2659 1386 2689 Β
1421 2655 1438 2701 Η
1471 2658 1518 2690 29
1535 2664 1570 2690 et
1587 2658 1633 2691 30
1657 2657 1752 2690 tituli

340 2716 464 2748 nescio
500 2727 543 2747 an
579 2715 820 2757 coniungendi
855 2716 935 2748 sint.
988 2716 1177 2758 scripserat
1211 2716 1454 2748 Anaximenes
1487 2717 1752 2760 Lampsacenus

339 2773 530 2808 Βασιλέων
557 2774 800 2816 μεταλλαγὰς,
840 2775 884 2807 cf.
912 2773 1096 2806 CMueller
1135 2774 1304 2818 Scriptor.
1332 2785 1397 2807 rer.
1424 2775 1626 2807 Alexandri
1653 2786 1687 2818 p.
1707 2775 1751 2808 38

340 2833 500 2875 Quaestt.
528 2833 692 2866 Anaxim.
719 2844 753 2876 p.
772 2833 819 2865 22
