1842 3250
175 1762 246 1796 288

263 244 335 277 201
748 242 955 274 EPICVRI
981 240 1194 273 PHYSICA

269 364 497 401 nequeant.
550 358 600 389 sic
635 367 725 395 eum,
760 357 842 400 quia
869 358 904 388 in
931 356 1105 399 principio
1141 355 1268 387 falsum
1301 362 1516 398 susceperat,
1558 366 1680 387 conse-

267 423 451 466 quentium
477 431 592 455 rerum
618 421 814 454 necessitas
845 422 890 453 ad
916 421 1151 453 deliramenta
1176 421 1352 463 perduxit.
1389 419 1452 451 ubi
1480 419 1572 452 enim
1600 427 1682 452 sunt

269 493 326 520 aut
352 487 448 519 unde
474 486 540 518 ista
567 484 803 528 corpuscula?
847 495 908 516 cur
935 484 999 516 illa
1024 495 1128 516 nemo
1156 490 1295 527 praeter
1320 494 1429 516 unum
1458 484 1679 527 Leucippum

267 549 481 584 somniauit?
532 561 551 582 a
577 560 648 592 quo
676 549 904 581 Democritus
938 549 1098 582 eruditus
1132 548 1362 581 hereditatem
1397 548 1570 580 stultitiae
1598 547 1681 580 reli-

267 616 342 658 quit
369 615 536 658 Epicuro.
571 624 663 657 quae
690 613 719 645 si
748 620 828 645 sunt
855 614 1069 655 corpuscula
1095 620 1130 646 et
1154 613 1298 655 quidem
1328 612 1456 650 solida,
1484 617 1522 644 ut
1547 612 1682 649 dicunt,

266 681 333 712 sub
359 678 485 712 oculos
513 683 607 710 certe
631 678 754 710 uenire
781 683 943 720 possunt.
968 677 1007 709 Si
1033 678 1156 709 eaden.
1185 683 1237 708 est
1264 681 1388 708 natura
1415 675 1583 714 omnium,
1611 686 1682 718 quo

266 744 373 778 modo
403 755 458 776 res
485 742 601 775 uarias
635 741 816 775 efficiunt?
869 742 995 773 uario
1029 742 1145 784 inquit
1178 742 1335 774 ordine
1371 751 1418 772 ac
1450 740 1682 784 positione

267 807 560 845 conueniunt,
587 808 704 839 sicut
732 807 932 838 litterae:
977 817 1087 849 quae
1114 817 1208 838 cum
1235 807 1322 838 sint
1347 816 1533 848 paucae,
1561 806 1682 838 uarie

267 879 407 906 tamen
435 872 691 904 collocatae
716 870 1065 903 innumerabilia
1094 872 1231 903 uerba
1258 881 1334 902 con
1349 870 1520 903 ficiunt.
1549 869 1601 901 At
1626 869 1683 901 lit-

268 944 364 970 terae
389 938 506 969 uarias
534 937 666 969 formas
695 936 836 969 habent.
880 936 943 967 ita
971 936 1085 979 lnquit
1111 941 1152 967 et
1178 936 1284 968 haec
1311 936 1405 978 ipsa
1430 934 1683 978 primordia.

268 1013 359 1033 nam
387 1007 486 1033 sunt
511 1011 687 1043 aspera,
724 1006 821 1032 sunt
853 1000 1043 1038 hamata,
1080 1008 1180 1032 sunt
1212 1000 1344 1032 leuia.
1399 999 1511 1031 secari
1540 1009 1623 1039 ergo
1651 1004 1685 1030 et

269 1066 382 1098 dluidi
410 1072 573 1109 possunt,
600 1065 628 1096 si
659 1064 797 1106 aliquid
823 1065 916 1096 inest
941 1064 1015 1095 illis
1047 1064 1144 1106 quod
1172 1065 1335 1096 emineat.
1389 1063 1417 1095 si
1446 1069 1561 1095 autem
1589 1062 1685 1094 lenia

269 1136 349 1162 sunt
376 1135 412 1162 et
435 1129 550 1161 hamis
577 1129 752 1169 indigent.
781 1128 971 1161 cohaerere
999 1139 1070 1159 non
1095 1134 1258 1170 possunt.
1306 1127 1445 1160 hamata
1471 1128 1578 1168 igitur
1605 1138 1684 1160 esse

269 1199 420 1237 oportet,
448 1197 487 1225 ut
510 1193 651 1236 possint
676 1193 830 1225 inuicem
857 1192 1093 1225 concatenari.
1131 1202 1207 1224 cum
1238 1203 1323 1225 uero
1349 1198 1419 1224 tam
1445 1193 1580 1224 minuta
1606 1202 1685 1223 esse

269 1259 441 1297 dicantur,
480 1262 518 1289 ut
551 1256 651 1289 nulla
682 1256 762 1288 ferri
794 1257 868 1289 acie
903 1256 1029 1288 dissici
1062 1257 1218 1298 ualeant,
1258 1258 1438 1299 quomodo
1475 1256 1599 1289 hamos
1628 1261 1686 1288 aut

269 1323 420 1363 angulos
458 1321 614 1353 habent?
669 1332 778 1363 quos,
819 1321 903 1363 quia
942 1326 1096 1357 exstant,
1135 1330 1283 1351 necesse
1319 1325 1372 1351 est
1404 1330 1511 1362 posse
1547 1319 1686 1351 diuelli.

270 1386 402 1419 deinde
431 1396 502 1428 quo
530 1386 678 1417 foedere
705 1386 794 1417 inter
826 1396 874 1423 se,
913 1396 980 1427 qua
1009 1390 1125 1416 mente
1153 1385 1381 1422 conueniunt,
1421 1391 1460 1416 ut
1487 1394 1529 1416 ex
1555 1384 1599 1416 iis
1626 1384 1688 1416 ali-

271 1451 356 1493 quid
390 1455 608 1488 conseratur,
649 1450 678 1481 si
712 1460 819 1481 sensu
848 1454 967 1481 carent
999 1459 1064 1480 nec
1092 1449 1188 1480 coire
1215 1454 1284 1481 tam
1313 1449 1486 1491 disposite
1514 1448 1688 1491 possunt?

271 1515 364 1557 Quia
390 1525 462 1547 non
488 1518 608 1557 potest
630 1513 818 1556 quicquam
846 1513 1022 1545 rationale
1041 1512 1211 1555 perficere
1231 1513 1299 1544 nisi
1318 1513 1417 1545 ratio.
1446 1522 1549 1554 quarn
1567 1512 1688 1544 multis

270 1579 415 1620 coargui
440 1579 527 1610 haec
554 1579 692 1610 uanitas
718 1584 838 1620 potest
849 1578 867 1611 '.

319 1683 385 1715 DE
412 1681 786 1724 QVALITATIBVS

390 1763 647 1797 annncuvs
675 1763 754 1796 adu.
775 1763 928 1795 Coloten
955 1763 977 1796 8
1003 1774 1036 1805 p.
1059 1763 1168 1795 1111*
1198 1762 1402 1804 ἐγκλητέος
1427 1762 1495 1795 ουν
1518 1762 1538 1796 ὁ
1558 1760 1689 1804 Δημό-

272 1838 397 1871 κριτος
431 1828 514 1870 οὐχὶ
540 1828 588 1862 τὰ
618 1826 874 1870 συμβαίνοντα
908 1830 989 1868 ταῖς
1022 1826 1151 1870 ἀρχαῖς
1179 1828 1390 1868 ὁμολογῶν,
1429 1826 1521 1861 ἀλλὰ
1550 1825 1689 1868 λαμβά-

272 1903 351 1927 νων
377 1892 493 1935 ἀρχὰς
520 1891 578 1933 αἶς
601 1894 723 1926 ταῦτα
750 1892 994 1935 συμβέβηκεν.
1023 1891 1098 1926 ἔδει
1116 1892 1189 1935 γὰρ
1215 1891 1455 1934 ἀμετάβλητα
1482 1891 1532 1933 μὴ
1558 1891 1689 1926 θέσθαι

272 1956 320 1991 τὰ
346 1959 491 2000 πρῶτα,
530 1957 689 1997 Θὲμενον
717 1957 757 1990 δέ
785 1957 831 1998 δὴ
861 1959 1028 2000 συνορᾶν
1060 1957 1118 1990 ὅτι
1151 1956 1357 1998 ποιότητος
1391 1955 1533 1998 οἴχεται
1566 1955 1690 1998 πάσης

273 2022 434 2063 γένεσις·
476 2021 668 2064 ἀρνεῖσθαι
696 2021 736 2055 δέ
763 2023 988 2064 συνορῶντα
1022 2021 1093 2063 τὴν
1130 2019 1292 2055 ἀτοπίαν
1329 2020 1688 2063 ἀναισχυντότατον.

273 2084 335 2120 οἶα
364 2085 584 2130 Ἐπίκουρον
611 2085 729 2128 φησὶν
757 2084 986 2129 (Κωλώτης),
1023 2085 1139 2129 ἀρχὰς
1166 2086 1234 2126 μὲν
1260 2084 1505 2120 ὑποτίθεσθαι
1532 2084 1599 2125 τὰς
1625 2084 1689 2119 αὐ-

272 2149 352 2191 τάς,
390 2149 435 2183 οὐ
468 2149 590 2190 λέγειν
625 2149 665 2183 δέ
697 2148 822 2192 ενόμῳ
856 2148 987 2191 χροιὴν
1021 2148 1080 2182 καὶ
1112 2149 1230 2189 γλυκὺ
1263 2149 1324 2182 καὶ
1349 2148 1504 2183 λευκὸν’
1537 2150 1598 2183 καὶ
1624 2149 1691 2190 τὰς

275 2214 390 2255 ἄλλας
421 2213 639 2255 ποιότητας.
693 2212 726 2247 εἰ
751 2213 819 2254 μὲν
846 2213 915 2247 οὖν
942 2212 987 2246 τὸ
1013 2212 1079 2246 ιοὐ
1106 2212 1245 2255 λέγειν’
1271 2213 1449 2248 τοιοῦτόν
1475 2216 1577 2248 ἑστιν
1604 2213 1690 2255 ὀὐχ

275 2277 503 2320 ὁμολογεῖν’,
544 2278 623 2311 τῶν
656 2275 878 2318 εἰθισμένων
908 2286 942 2310 τι
971 2279 1072 2311 ποιεῖ
1098 2303 1248 2310 ......
1286 2277 1356 2311 οὐκ
1389 2277 1457 2311 οὖν
1484 2277 1690 2319 ἀναγκαῖον

276 2342 495 2383 ὑποθέσθαι,
536 2342 677 2383 μᾶλλον
705 2341 745 2375 δὲ
772 2341 978 2383 ὑφελέσθαι
1008 2340 1252 2384 Δημοκρίτου
1286 2341 1451 2383 ἀτόμους
1486 2343 1580 2376 εἶναι
1613 2344 1691 2376 τῶν

398 2475 442 2508 13
471 2476 591 2507 hamis
611 2475 689 2508 cod.
709 2475 970 2508 Bononiensis:
990 2477 1155 2507 humoris
1176 2475 1287 2513 uolgo
1326 2472 1332 2519 Ι
1374 2474 1417 2508 17
1437 2486 1480 2507 ω·
1498 2477 1557 2507 Itis
1575 2475 1661 2507 libri
1685 2473 1690 2518 Ξ

279 2534 323 2567 18
349 2537 568 2565 conseratur
596 2534 854 2566 Bononiensis:
895 2535 1143 2566 constituatur
1175 2539 1234 2565 aut
1266 2538 1507 2566 construatur
1535 2535 1645 2566 ceteri
1684 2556 1693 2573 ¹.

280 2592 326 2626 25
353 2593 392 2627 δέ
420 2592 470 2634 μὴ
497 2592 600 2624 libri:
630 2603 717 2625 corr.
737 2592 1040 2635 wyttenbachius
1088 2591 1094 2634 l
1141 2592 1186 2625 26
1212 2591 1540 2634 ἀναισχυντότατα
1567 2593 1588 2626 ὁ
1615 2592 1692 2626 ἐπί-

282 2662 419 2695 κουρος
445 2651 530 2684 libri
575 2651 581 2693 ξ
634 2651 680 2684 29
709 2653 803 2685 εἶναι
829 2656 911 2695 post
938 2653 1145 2694 ποιότητας
1171 2652 1351 2684 inserebat
1377 2650 1582 2691 Maduigius
1608 2651 1689 2685 adu.

278 2717 292 2742 1
317 2710 389 2744 675
423 2709 429 2753 1
464 2709 563 2752 λέγει
590 2710 701 2743 edunt
755 2709 761 2753 1
816 2710 862 2743 30
888 2710 1065 2753 ὁμολογεῖ
1090 2709 1175 2743 libri
1227 2709 1233 2753 1
1287 2710 1331 2743 31
1360 2708 1566 2752 ἀφελέσθαι
1592 2708 1692 2741 libri:

282 2779 371 2801 corr.
400 2768 699 2811 Wyttenbacbius

1708 938 1740 962 10

1713 1259 1742 1285 15

1711 1586 1745 1610 20

1713 1964 1747 1990 25

1714 2286 1748 2312 30
