1842 3250
46 363 115 399 495

87 960 120 986 10

89 1285 120 1312 15

48 2011 119 2047 496

637 245 845 278 EPICVRI
872 245 1060 278 E'rHIcA
1489 247 1562 281 309

256 374 379 400 nemo
412 373 496 400 non
526 363 583 400 ita
614 362 697 400 exit
728 375 752 399 e
781 363 879 408 uita,
909 368 1121 412 tamquam
1151 364 1278 401 modo
1312 364 1538 402 intrauerit.

142 431 292 467 SENECA
322 433 424 477 epist.
450 433 509 472 22,
531 434 573 468 13
601 434 772 467 ‘occurrit
796 434 884 467 mihi
909 445 991 467 ecce
1019 433 1122 479 (uox)
1149 435 1272 467 nescio
1301 439 1416 467 utrum
1443 435 1562 467 uerior

143 508 188 531 an
214 498 457 541 eloquentior.
483 499 616 533 Cuius?
641 499 772 543 inquis.
800 500 957 543 Epicuri,
985 499 1101 532 adhuc
1129 500 1223 532 enim
1250 499 1377 533 alienis
1405 500 1561 533 sarcinas

144 565 298 597 adorno:
336 574 459 597 nemo
487 590 495 598 .
515 589 523 598 .
543 590 550 598 .
571 590 580 598 .
606 564 853 598 intrauerit.
899 566 1013 608 Quem
1040 575 1191 608 cumque
1217 565 1273 597 uis
1301 575 1448 608 occupa,
1477 565 1562 597 adu-

143 629 339 663 lescentem
374 638 494 662 senem
527 629 699 662 medium:
743 629 907 662 inuenies
938 640 1050 673 aeque
1082 630 1245 663 timidum
1275 630 1411 669 mortis,
1450 640 1563 673 aeque

142 694 292 728 inscium
318 693 425 727 uitae.
461 703 569 727 nemo
595 694 785 737 quicquam
810 694 920 727 habet
945 694 1042 733 facti,
1069 695 1106 726 in
1137 694 1292 727 futurum
1320 694 1413 727 enim
1441 699 1564 726 nostra

142 758 359 792 distulimus.
385 757 491 792 Nihil
514 769 570 791 me
594 758 708 800 magis
733 759 771 791 in
797 759 865 791 ista
889 769 980 791 uoce
1007 758 1163 792 delectat
1189 769 1294 801 quam
1317 759 1415 802 quod
1437 769 1562 802 expro-

141 825 263 856 bratur
289 823 435 856 senibus
459 822 627 856 infantia:
670 823 802 857 “nemo
812 822 833 834 ’'
850 824 967 867 iuquit
990 823 1125 856 “aliter
1150 834 1255 867 quam
1282 824 1344 867 qui
1368 823 1477 856 modo
1506 834 1564 856 na-

143 893 199 921 tus
227 893 292 927 est,
318 888 390 921 exit
415 898 435 921 e
459 887 573 922 uita''.
605 887 735 920 falsum
761 893 827 927 est,
853 888 997 931 peiores
1025 887 1196 921 morimur
1221 898 1328 931 quam
1355 887 1560 920 nascimur’.

143 953 187 987 cf.
207 952 359 996 scriptor
374 951 535 986 Axiochi
553 963 587 996 p.
600 949 690 986 365⁶
716 951 920 994 συνάπτεις
945 952 1028 996 γάρ,
1059 951 1090 987 ὦ
1118 950 1269 995 Ἀξίοχε,
1298 979 1305 986 .
1326 979 1333 986 .
1355 979 1362 986 .
1390 951 1564 987 ἀνεπιλο·

142 1017 284 1059 γίστως
308 1020 356 1062 τῇ
384 1015 612 1061 ἀναισθησίᾳ
645 1015 822 1060 αἴσθησιν
854 1017 915 1051 καὶ
942 1019 1092 1062 σεαυτῷ
1118 1015 1327 1051 ὑπεναντία
1359 1017 1421 1051 καὶ
1446 1020 1566 1059 ποιεῖς

143 1083 204 1117 καὶ
231 1082 360 1125 λέγεις,
400 1081 471 1116 οὐκ
502 1081 808 1123 ἐπιλογιζόμενος
839 1080 898 1116 ὅτι
930 1081 1007 1124 ἅμα
1034 1082 1101 1123 μὲν
1129 1081 1257 1124 ὸδύρει
1283 1081 1355 1123 τὴν
1383 1080 1562 1124 ἀναισθη-

142 1145 238 1189 σίαν,
280 1146 356 1190 ἅμα
382 1147 424 1182 δὲ
451 1145 577 1189 ἀλγεῖς
606 1146 667 1181 ἐπὶ
694 1145 834 1190 σήψεσι
868 1147 928 1181 καὶ
963 1146 1138 1191 στερήσει
1171 1148 1250 1181 τῶν
1285 1145 1412 1189 ἡδέων
1438 1146 1564 1190 ὥςπερ

143 1211 195 1254 εἰς
220 1211 353 1256 ἕτερον
377 1213 447 1255 ζῆν
473 1210 797 1255 ἀποθανούμενος,
836 1211 915 1247 ἀλλ’
942 1212 1012 1246 οὐκ
1045 1211 1109 1254 εἰς
1135 1213 1342 1254 παντελῆ
1370 1211 1565 1253 μεταβα-

142 1279 232 1313 λῶν
267 1275 574 1321 ἀναισθησίαν
610 1277 682 1311 καὶ
716 1276 799 1319 τὴν
834 1276 979 1319 αὐτὴν
1014 1280 1068 1321 τῇ
1104 1276 1191 1320 πρὸ
1219 1278 1300 1320 τῆς
1325 1276 1563 1318 γενέσεως.

145 1342 196 1385 ὡς
221 1341 291 1377 οὖν
316 1341 377 1377 ἐπὶ
401 1343 471 1386 τῆς
489 1340 711 1386 Δράκοντος
737 1341 760 1384 ἢ
780 1340 1025 1383 Κλεισθένους
1051 1340 1243 1382 πολιτείας
1270 1341 1384 1375 οὐδὲν
1410 1340 1496 1384 περὶ
1523 1341 1565 1374 σὲ

144 1407 262 1442 κακὸν
292 1406 342 1450 ἦν
367 1406 505 1451 (ἀρχὴν
530 1406 604 1451 γάρ
636 1406 707 1442 οὐκ
734 1406 790 1449 ῆς,
827 1407 912 1450 περὶ
938 1406 982 1441 ὃν
1009 1406 1055 1441 ἂν
1080 1406 1157 1450 ἦν),
1196 1406 1322 1447 οὕτως
1348 1406 1438 1440 οὐδὲ
1474 1405 1568 1448 μετὰ

143 1472 215 1515 τήν
241 1471 423 1515 τελευτὴν
448 1471 669 1515 γενήσεται·
696 1472 743 1506 σὺ
769 1471 843 1515 γὰρ
868 1471 938 1506 οὐκ
965 1471 1053 1514 ἔσει,
1081 1471 1165 1514 περὶ
1194 1470 1238 1505 ὃν
1265 1471 1380 1505 ἔσται.

147 1535 392 1583 [Plutarchus]
420 1538 560 1571 consol.
588 1537 633 1569 ad
658 1536 900 1581 Apollonium
930 1537 973 1570 15
999 1547 1034 1580 p.
1057 1536 1140 1571 109⁰
1175 1536 1227 1578 εἰς
1250 1536 1322 1579 τὴν
1349 1536 1471 1578 αὐτὴν
1497 1535 1566 1570 οὖν

87 1611 104 1636 2
146 1602 249 1638 τάξιν
276 1602 312 1638 οἱ
336 1601 634 1645 τελευτήσαντες
661 1600 907 1636 καθίστανται
932 1604 981 1646 τῇ
1007 1601 1081 1644 πρὸ
1107 1602 1177 1644 τῆς
1202 1600 1399 1642 γενέσεως.
1441 1599 1566 1644 ὥςπερ

145 1667 215 1702 οὖν
246 1667 361 1703 οὐδὲν
392 1667 440 1710 ἢν
472 1667 560 1710 ἡμῖν
593 1667 667 1711 πρὸ
698 1669 768 1710 τῆς
799 1666 987 1708 γενέσεως
1020 1666 1101 1701 οὔτ’
1130 1665 1275 1708 ἀγαθὸν
1311 1666 1401 1700 οὔτε
1436 1665 1565 1708 κακόν,

144 1732 269 1775 οὕτως
295 1732 385 1768 οὐδὲ
412 1731 506 1774 μετὰ
530 1732 602 1774 τὴν
629 1731 823 1775 τελευτήν.
850 1732 911 1766 καὶ
938 1730 1035 1766 καθά
1059 1740 1130 1774 περ
1156 1730 1204 1764 τὰ
1230 1730 1304 1774 πρὸ
1323 1730 1433 1773 ἡμῶν
1452 1729 1566 1764 οὐδὲν

145 1797 193 1840 ἦν
218 1796 314 1841 πρὸς
338 1797 447 1840 ἡμᾶς,
486 1797 611 1838 οὕτως
643 1796 733 1831 οὐδὲ
758 1795 807 1830 τὰ
833 1796 913 1838 μεθ’
941 1796 1040 1838 ἡμᾶς
1065 1794 1178 1829 οὐδὲν
1205 1794 1312 1829 ἔσται
1337 1793 1433 1838 πρὸς
1457 1794 1565 1837 ἡμᾶς.

145 1889 153 1897 .
175 1889 182 1897 .
202 1889 210 1897 .
230 1889 238 1897 .
266 1862 290 1905 ή
315 1861 401 1906 γὰρ
436 1861 552 1904 αὐτὴ
586 1859 868 1902 κατάστασίς
899 1860 997 1895 ἐστι
1027 1863 1082 1904 τῇ
1112 1858 1198 1903 πρὸ
1230 1860 1315 1902 τῆς
1339 1858 1567 1901 γενέσεως

145 1927 168 1970 ἡ
194 1925 308 1970 μετὰ
333 1926 417 1969 τὴν
441 1924 678 1968 τελευτήν.

260 2009 476 2049 ridiculum
511 2015 576 2047 est
616 2020 780 2047 currere
815 1999 872 2048 ειᾶ
907 2014 1082 2046 mortem
1120 2007 1262 2045 taedio
1301 2007 1426 2050 uitae,
1473 2018 1567 2044 cum

145 2094 299 2133 genere
330 2083 454 2128 uitae,
486 2089 531 2120 ut
562 2082 810 2121 currendum
840 2082 898 2119 ad
928 2087 1104 2118 mortem
1135 2086 1260 2125 esset,
1294 2079 1492 2117 effeceris.

146 2153 296 2187 SENECA
314 2153 419 2198 epist.
437 2154 497 2193 24,
515 2153 561 2187 22
587 2152 770 2194 ‘obiurgat
786 2152 964 2195 Epicurus
989 2162 1063 2184 non
1089 2152 1206 2184 minus
1234 2161 1297 2183 eos
1324 2151 1387 2194 qui
1417 2155 1565 2183 mortem

148 2218 418 2262 concupiscunt,
457 2229 563 2262 quam
601 2229 664 2251 eos
699 2217 761 2261 qui
796 2217 933 2256 timent,
977 2221 1013 2249 et
1051 2216 1117 2250 ait:
1168 2215 1406 2248 ridiculum
1446 2238 1567 2250 .....

148 2282 389 2316 effeceris'.

269 2421 287 2453 1
316 2421 362 2454 cf.
387 2431 494 2466 supra
518 2431 551 2465 p.
571 2420 653 2460 269,
672 2419 714 2454 15
741 2419 930 2453 Lucretius
951 2418 1155 2453 111972--5
1189 2418 1196 2460 1
1233 2419 1254 2453 3
1281 2421 1426 2452 alienas
1451 2417 1534 2451 libri
1562 2416 1567 2459 l

147 2482 169 2516 4
196 2483 337 2515 adorno
355 2481 544 2515 Erasmus:
571 2482 685 2514 adoro
702 2481 774 2513 MP
800 2480 862 2513 alii
891 2480 1031 2511 ‹zdlzoro
1049 2479 1113 2522 p¹?
1141 2479 1275 2524 adfero
1293 2479 1335 2522 p²
1364 2476 1469 2522 (quac
1496 2487 1566 2510 ma-

147 2551 215 2573 nus
241 2540 377 2573 nullius
404 2546 460 2574 est
483 2539 616 2585 pretii).
643 2540 801 2573 conicias
820 2540 926 2572 etiam
944 2540 1086 2581 adparo
1120 2536 1126 2582 Ι
1162 2537 1183 2571 8
1202 2539 1269 2581 qul
1285 2539 1386 2569 modo
1415 2538 1444 2568 P
1463 2535 1568 2569 Wol-

147 2604 219 2632 ters
238 2600 275 2632 iu
291 2600 484 2634 Exercitat.
508 2609 652 2641 gramm.
677 2598 934 2643 speciminibus
957 2609 992 2641 p.
1008 2597 1070 2631 352
1099 2598 1274 2640 quomodo
1299 2596 1395 2628 libri.
1423 2596 1467 2628 cs.
1487 2595 1562 2629 Cic.

150 2659 195 2691 de
212 2658 270 2692 fm.
286 2666 333 2692 111
349 2658 404 2699 14,
416 2659 462 2692 48
475 2651 597 2702 ‘qua'm
616 2659 646 2692 is
663 2659 725 2702 qui
742 2659 851 2691 modo
871 2662 926 2691 est
941 2656 1063 2690 natus'
1098 2657 1103 2697 Ι
1140 2657 1184 2690 10
1200 2667 1251 2699 sq.
1271 2656 1315 2688 cf.
1333 2655 1380 2689 id.
1401 2666 1433 2698 p.
1449 2654 1537 2688 369⁶
1553 2652 1557 2693 ’ζ

149 2716 195 2750 26
210 2727 262 2760 sq.
281 2716 325 2751 cf.
343 2718 516 2760 proxima,
541 2714 713 2750 Manilius
731 2724 771 2750 1v
788 2716 809 2750 3
836 2716 1082 2760 ‘aeternisque
1108 2725 1212 2748 senes
1240 2714 1334 2748 curis
1360 2715 1443 2746 dum
1461 2723 1568 2756 quae·

151 2776 259 2810 rimus
286 2787 413 2809 aeuom
440 2776 638 2820 perdimus’
684 2776 690 2820 Ι
736 2775 783 2810 26
808 2781 864 2809 est
887 2786 944 2808 om
971 2776 1010 2808 M
