1842 3250
79 327 150 362 470

671 212 873 245 EPICVRI
899 213 1085 245 ETHICA
1511 214 1578 248 301

298 324 545 359 Ponpnvmvs
563 327 608 358 de
627 327 755 360 abstin.
774 335 789 359 1
807 328 848 361 51
881 327 936 362 δεῖ
962 327 1088 369 μέντοι
1114 331 1171 371 τῷ
1198 328 1402 373 φιλοσόφῳ
1429 330 1489 364 καὶ
1514 329 1585 372 τὴν

177 388 308 425 ἐλπίδα
334 392 403 424 τοῦ
429 390 546 432 μηδὲν
572 389 792 433 ύπυλείψειν
819 395 991 434 παρεῖναι
1018 392 1078 426 διὰ
1106 391 1204 434 βίου·
1230 392 1374 436 ταύτην
1393 393 1434 428 δὲ
1451 394 1499 428 τὰ
1516 394 1585 436 μὲν

176 454 382 496 εὐπόριστα
407 453 544 496 ἱκανῶς
568 456 754 499 διασῴζει,
781 455 828 490 τὰ
854 457 894 490 δὲ
921 458 1109 500 πολυτελῆ
1138 460 1236 492 ποιεῖ
1260 457 1521 493 δυσέλπιστον.
1548 457 1584 493 οἱ

175 522 269 561 γοῦν
295 520 428 554 πολλοὶ
454 519 514 554 διὰ
539 523 656 555 τοῦτο
689 522 750 556 καί
776 531 846 565 περ
874 522 995 556 πολλὰ
1021 523 1242 565 κεκτημένοι
1275 523 1327 563 ὡς
1357 523 1585 565 ὑπολειψόν-

136 593 152 618 5
174 595 254 618 των
283 584 451 627 ἀνήνυτα
481 588 696 628 μοχθοῦσιν.
740 586 931 629 ἀρκεῖσθαι
958 586 998 620 δὲ
1025 589 1104 627 τοῖς
1130 586 1367 630 εὐπορίστοις
1399 588 1459 622 καὶ
1485 589 1583 622 λιτο·

121 922 151 945 m

79 1021 144 1054 471

119 1317 150 1342 15

115 1669 150 1695 20

116 1997 150 2023 25

175 648 302 691 τάτοις
332 654 433 685 ποιεῖ
458 650 503 684 τὸ
530 651 778 693 μνημονεύειν
811 651 869 684 ὅτι
900 650 994 694 πρὸς
1026 652 1093 694 μὲν
1121 651 1210 696 <τὸ>
1239 653 1308 695 τῆς
1334 653 1457 694 ψυχῆς
1488 651 1585 687 ἀξιό-

175 715 289 755 λογον
321 715 490 758 ταραχὴν
521 715 622 749 λύειν
653 716 767 750 οὐθὲν
801 715 940 758 ἰσχύειν
973 717 1142 759 πέφυκεν
1168 717 1248 751 οὐδ’
1276 717 1296 751 ὁ
1322 719 1394 758 πᾶς
1419 719 1585 758 πλοῦτος

177 779 384 821 συναχθείς,
416 780 462 814 τὸ
488 780 528 814 δὲ
555 783 622 822 τῆς
651 781 788 824 σαρκὸς
815 781 978 824 ὀχληρὸν
1005 782 1139 824 ἐξαιρεῖ
1165 783 1225 816 καὶ
1251 782 1299 816 τὰ
1326 782 1426 816 πάνυ
1454 782 1585 825 μέτρια

175 845 235 878 καὶ
269 844 435 887 τυχόντα
470 845 597 879 πᾶσάν
631 856 672 880 τε
706 845 948 889 εὐποριστίαν
984 847 1210 888 κεκτημένα“
1253 845 1508 882 ὑπολείποντα
1543 847 1583 881 δὲ

175 909 235 943 καὶ
260 908 308 943 τὰ
333 911 492 944 τοιαῦτα
518 911 563 944 οὺ
587 910 766 953 ταράττει
790 910 857 944 τὸν
885 911 1140 955 ἀποθνῄσκειν
1167 913 1392 953 μελετῶντα.

288 1007 476 1050 σπάνιόν
506 1021 555 1058 γε
587 1008 726 1061 εὑρεῖν
757 1007 991 1061 ἄνθρωπον
1022 1007 1241 1062 (πένητα)
1271 1011 1382 1062 πρὸς
1419 1010 1470 1052 τὸ
1506 1012 1584 1061 τῆς

174 1082 354 1133 φύσεως
385 1082 511 1133 τέλος
542 1082 611 1124 καὶ
640 1082 853 1125 πλούσιον
874 1083 983 1134 πρὸς
1005 1084 1082 1134 τὰς
1105 1084 1233 1135 κενὰς
1255 1083 1398 1134 δόξας,
1441 1083 1585 1134 οὐδεὶς

173 1155 255 1206 γὰρ
286 1156 374 1197 τῶν
405 1154 615 1207 ἀφρόνων
653 1155 723 1207 οἷς
761 1155 848 1208 ἔχει
887 1155 1087 1208 ἀρκεῖται,
1133 1159 1299 1208 μᾶλλον
1329 1158 1377 1198 δὲ
1409 1155 1474 1208 οἷς
1505 1156 1584 1198 οὐκ

174 1228 261 1280 ἔχει
292 1228 510 1271 ὀδυνᾶται.
549 1229 693 1281 ὥςπερ
725 1229 804 1271 οὗν
836 1229 876 1271 οἱ
906 1231 1194 1282 πυρέττοντες
1225 1231 1295 1272 διὰ
1326 1229 1584 1280 κακοήθειαν

173 1304 250 1352 τῆς
279 1302 418 1345 νόσου
449 1302 517 1344 ἀεὶ
547 1305 709 1354 διψῶσι
736 1303 804 1344 καὶ
829 1305 915 1345 τῶν
938 1303 1266 1345 ἐναντιωτάτων
1289 1304 1584 1353 ἐπιθυμοῦσιν,

174 1373 288 1417 οὕτω
319 1375 388 1417 καὶ
418 1375 459 1418 οἱ
489 1376 567 1426 τὴν
598 1376 742 1427 ψυχὴν
774 1379 917 1428 κακῶς
939 1376 1115 1428 ἔχοντες
1137 1377 1408 1428 διακειμένην
1429 1376 1584 1418 πένον-

173 1462 240 1490 ται
270 1448 447 1491 πάντων
479 1449 546 1491 ἀεὶ
576 1449 645 1491 καὶ
675 1448 737 1501 εἰς
767 1450 1073 1501 πολυτρόπους
1112 1449 1335 1502 ἐπιθυμίας
1373 1449 1455 1492 ὑπὸ
1495 1451 1583 1491 λαι-

174 1522 355 1574 μαργίας
386 1521 680 1574 ἐμπίπτουσιν.

173 1594 419 1629 Pom’mfmvs
445 1596 489 1628 ad
516 1596 724 1629 Marcellam
753 1597 797 1630 27
826 1608 860 1640 p.
881 1597 962 1635 203,
981 1597 1002 1629 2
1028 1596 1168 1631 Nauck.

172 1661 413 1694 A'rmxxtmvs
438 1661 572 1693 Laertii
597 1661 774 1703 Diogenis
800 1669 827 1693 x
857 1662 899 1696 12

328 1727 397 1767 τᾶς
421 1726 558 1768 φύσιος
584 1726 616 1760 δ’
644 1726 665 1760 ὁ
692 1728 856 1767 πλοῦτος
882 1726 974 1769 ὅρον
999 1726 1083 1760 τινὰ
1111 1726 1216 1767 βαιὸν
1245 1725 1398 1769 ἐπίσχει,

421 1789 457 1824 αἱ
485 1790 526 1825 δὲ
552 1791 655 1825 κεναὶ
683 1790 818 1833 κρίσιες
843 1790 914 1824 τάν
940 1790 1154 1834 ἀπέραντον
1181 1791 1281 1826 ὁδόν.

174 1855 426 1889 PLv'rAnoflvs
451 1856 495 1888 de
515 1856 709 1899 cupiditate
728 1856 931 1888 diuitiarum
956 1856 978 1889 4
1002 1867 1036 1899 p.
1056 1854 1142 1889 524f
1163 1859 1243 1897 τοῖς
1261 1866 1303 1897 γε
1321 1858 1413 1889 νοῡν
1432 1854 1583 1897 ἔχουσιν

173 1921 194 1954 ὁ
219 1923 288 1962 τῆς
316 1920 470 1963 φύσεως
497 1922 663 1962 πλοῦτος
690 1921 847 1964 ὥρισται
879 1921 938 1955 καὶ
965 1920 1009 1954 τὸ
1035 1921 1153 1964 τέρμα
1179 1921 1339 1964 πάρεστι
1364 1922 1433 1963 τῆς
1458 1919 1583 1964 χρείας

173 1985 270 2020 καθά
295 1996 367 2029 περ
393 1985 540 2030 κέντρῳ
567 1987 626 2019 καὶ
657 1984 880 2028 διαστήματι
907 1985 1247 2028 περιγραφόμενον.

174 2050 458 2085 GNOMOLOGION
483 2051 715 2094 Byzantinum
739 2050 1002 2083 Wachsmuthii
1028 2051 1172 2082 studim
1192 2062 1217 2083 z.
1239 2051 1271 2081 d.
1288 2051 1431 2092 griech.
1443 2050 1585 2092 florile-

169 2118 260 2157 gz'en
281 2126 316 2158 p.
334 2115 400 2149 197
427 2126 460 2149 n.
481 2115 548 2148 189
574 2115 614 2149 Ὁ
644 2115 739 2149 κατὰ
764 2114 880 2158 φύσιν
906 2117 1069 2155 πλοῦτος
1096 2114 1200 2159 ἄρτῳ
1230 2115 1290 2148 καὶ
1318 2114 1424 2147 ὕδατι
1450 2114 1510 2148 καὶ
1535 2116 1583 2158 τῇ

172 2180 338 2224 τυχούσῃ
366 2182 434 2214 τοῦ
459 2178 636 2221 σώματος
663 2180 783 2223 σκέπῃ
812 2178 1152 2222 συμπεπληρωται·
1180 2179 1200 2212 ὁ
1225 2178 1265 2212 δέ
1290 2178 1464 2221 περιττὸς
1488 2177 1585 2212 κατὰ

172 2245 298 2287 ψυχὴν
325 2244 539 2288 ἀπέραντον
565 2245 641 2287 ἔχει
667 2246 727 2278 καὶ
754 2244 823 2285 τὴν
849 2246 918 2287 τῆς
943 2242 1138 2285 ἐπιθυμίας
1164 2243 1340 2285 βάσανον.

296 2451 312 2484 1
336 2451 520 2484 antecedit
546 2452 587 2484 st.
607 2451 673 2484 461
728 2451 733 2495 1
783 2451 803 2483 7
832 2452 999 2494 ταραχῆς
1024 2450 1130 2485 λύσιν
1158 2450 1240 2482 libri
1286 2448 1291 2493 Ι
1343 2449 1387 2482 10
1415 2450 1585 2483 τοσαῦτα

173 2509 273 2542 libri:
309 2520 397 2543 corr.
430 2510 614 2542 Nauckius
654 2509 659 2554 1
699 2511 859 2553 sequitur
884 2511 924 2543 sr.
950 2510 1019 2543 4152
1075 2508 1090 2552 ΙΙ
1149 2510 1187 2542 ll
1221 2508 1367 2551 πένητα
1402 2508 1535 2540 inserui
1583 2509 1586 2550 j

177 2569 219 2602 12
245 2569 352 2610 τέλος
375 2569 558 2603 πλούσιον
584 2570 643 2603 καὶ
672 2596 679 2602 .
700 2596 706 2602 .
728 2596 735 2602 .
764 2569 873 2610 δόξας
893 2567 1081 2612 <πένητα>
1103 2567 1219 2600 Maius
1259 2566 1263 2611 Ι
1306 2569 1347 2600 14
1375 2566 1583 2609 πυρέσσον-

173 2637 235 2668 τες
259 2625 478 2671 Porphyrius
535 2632 539 2672 q
600 2628 640 2661 15
667 2629 784 2662 νόσου
811 2628 846 2660 in
874 2638 985 2659 uacuo
1013 2627 1126 2669 spatio
1155 2637 1211 2659 om
1238 2627 1362 2664 codex,
1403 2625 1585 2668 suppleuit

174 2687 292 2719 Maius
346 2687 350 2732 Ι
412 2688 452 2720 16
479 2686 716 2729 διακειμένην
744 2687 918 2719 adiecisse
945 2686 1164 2729 Porphyrius
1190 2686 1331 2717 uidetur
1389 2684 1395 2727 Ι
1455 2684 1500 2717 27
1530 2689 1585 2716 est

175 2746 350 2778 sententia
379 2757 447 2778 non
478 2747 522 2778 ab
549 2746 705 2788 Epicuro
730 2746 862 2788 scripta
887 2746 949 2778 sed
977 2745 1171 2777 secundum
1198 2755 1275 2777 eum
1305 2745 1398 2776 sacta
