1842 3250
205 346 276 380 344

203 620 271 653 345

206 833 275 866 346

206 1233 274 1266 347

209 2447 278 2481 350

303 229 373 262 230
786 229 991 274 EPICVRI
1019 230 1236 263 PHYSICA

426 342 569 376 Awmvs
596 351 624 375 ιι
645 343 702 380 22,
722 342 743 374 6
761 353 794 385 p.
812 342 881 375 352
901 344 944 375 D.
964 343 1074 379 (Plut.
1095 351 1120 375 ιι
1141 343 1203 387 22)
1230 343 1466 387 Ἀναξιμένης
1493 346 1638 379 πλατὺν
1666 349 1716 387 ὼς

302 408 467 442 πέταλον
494 407 561 441 τὸν
587 407 703 448 ἥλιον,
756 406 992 449 Ἡράκλειτος
1019 408 1239 450 σκαφοειδῆ,
1271 408 1496 452 ὑπόκυρτον.
1540 409 1576 443 οἱ
1601 410 1715 444 Στωι-

302 473 359 506 κοὶ
393 471 617 514 σφαιροειδῆ
651 470 701 511 ὡς
733 470 801 503 τὸν
834 470 977 511 κόσμον
1011 472 1072 504 καὶ
1105 471 1152 504 τὰ
1185 472 1314 515 ἄστρα.
1365 471 1582 516 Ἐπίκουρος
1615 473 1715 508 ἐνδέ-

300 539 430 580 χεσθαι
456 535 503 569 τὰ
529 535 785 578 προειρημένα
810 534 945 569 πάντα.

422 617 567 650 Amlvs
593 624 623 649 11
639 616 696 655 21,
713 616 733 648 5
752 627 786 659 p.
803 617 885 655 352,
906 618 919 649 l
941 617 984 649 D.
1003 617 1110 660 (Plut.
1128 625 1156 649 11
1171 617 1229 656 21,
1246 616 1266 650 2
1295 618 1396 650 Stob.
1412 618 1476 651 ccl.
1493 619 1594 662 phys.
1609 619 1666 658 25,
1679 619 1716 664 3)
1741 629 1757 654 5

301 680 518 724 Ἐπίκουρος
547 680 630 723 (τὸν
657 680 780 723 ἥλιον)
814 682 1040 723 τηλικοῦτον
1069 681 1196 724 ἡλίκος
1220 681 1407 725 φαίνεται,
1446 682 1470 725 ἢ
1500 687 1618 727 μικρῷ
1644 695 1717 718 τινι

299 746 412 788 μείζω
437 746 459 787 ἢ
487 745 644 779 ἐλάττω.

421 826 587 860 SERVIVS
623 828 659 858 in
687 828 794 868 Verg.
821 837 942 868 georg.
970 834 983 859 1
1011 826 1080 859 247
1127 827 1206 859 ‘aut
1237 827 1531 871 “intempesta
1569 829 1716 873 silet’‘‚

299 892 382 935 quia
400 891 569 934 Epicurei
595 892 718 923 dieunt
744 903 815 924 non
840 893 891 924 ire
917 892 1028 924 solem
1055 903 1119 935 per
1146 892 1295 925 alterum
1314 893 1626 936 hemisphaerium,
1654 896 1717 928 sed

302 967 440 999 semper
458 957 479 998 †
505 957 561 988 his
590 957 633 988 ab
662 961 741 989 ortu
769 957 894 998 colligi
924 957 1098 989 scintillas
1126 964 1161 989 et
1186 957 1262 989 fieri
1289 957 1410 990 orbem
1439 958 1557 990 solis’.
1742 971 1774 995 ιο

300 1021 395 1052 idem
422 1021 457 1052 in
483 1021 590 1062 Verg.
618 1021 713 1053 Aen.
743 1028 786 1053 IV
813 1021 882 1054 584
924 1021 1057 1053 ‘nouo
1084 1022 1247 1054 lumine
1275 1047 1282 1054 .
1302 1045 1337 1054 ..
1368 1023 1562 1055 secundum
1589 1024 1717 1067 Epicu-

300 1095 380 1116 reos
409 1085 468 1126 qui
498 1086 604 1117 stulte
632 1085 746 1117 solem
773 1086 817 1117 de
844 1087 970 1118 atomis
997 1087 1118 1118 dicunt
1146 1091 1320 1126 constare,
1355 1092 1389 1119 et
1415 1097 1494 1119 cum
1522 1088 1580 1119 die
1607 1087 1716 1126 nasci,

301 1160 378 1181 cum
406 1149 464 1181 die
491 1148 635 1191 perire‘.

422 1230 554 1264 Ivmvs
584 1230 770 1264 ΡΗιωιιο.
797 1231 832 1263 in
848 1231 957 1272 Verg.
978 1241 1098 1272 georg.
1118 1238 1146 1264 Π
1166 1230 1236 1264 478
1260 1242 1294 1274 p.
1310 1230 1381 1264 248
1398 1231 1520 1264 Vrsini
1547 1231 1717 1263 ‘Varios

302 1296 506 1328 defectus
539 1296 734 1328 secundum
761 1296 965 1340 Epicurum,
1006 1296 1067 1338 qui
1093 1296 1141 1327 ait
1167 1306 1238 1327 non
1266 1306 1370 1328 unam
1397 1306 1537 1328 causam
1566 1306 1717 1339 pronun·
1743 1302 1774 1327 15

301 1361 469 1400 tiandam,
497 1372 566 1403 qua
593 1361 649 1392 sol
677 1361 829 1393 deficere
856 1361 1010 1398 uidetur,
1052 1361 1115 1392 sed
1143 1361 1273 1392 uarias:
1313 1366 1434 1403 potest
1460 1362 1552 1393 enim
1579 1360 1655 1392 fieri
1681 1365 1718 1391 ut

302 1426 539 1466 extinguatur,
567 1430 604 1457 ut
631 1425 776 1466 longius
804 1425 958 1462 recedat,
985 1429 1023 1456 ut
1049 1424 1197 1467 aliquod
1225 1435 1303 1457 eum
1334 1435 1462 1468 corpus
1490 1424 1687 1456 abscondat
1699 1423 1718 1456 '.

302 1490 542 1524 THEMISTIVS
577 1489 742 1533 paraphr.
769 1490 882 1522 Arist.
911 1490 1001 1522 anal.
1029 1494 1121 1532 post.
1148 1490 1184 1521 A
1213 1489 1258 1523 33
1285 1488 1332 1532 (p.
1352 1489 1416 1522 89⁸
1435 1489 1495 1532 38)
1522 1489 1546 1521 f.
1567 1490 1606 1522 9¹¹
1630 1489 1719 1521 Ald.

302 1567 334 1598 p.
355 1555 411 1593 66,
432 1556 450 1587 7
479 1555 610 1598 Speng.
657 1553 714 1587 διό
744 1563 814 1596 περ
848 1553 928 1586 οὐδ’
957 1551 1039 1587 οἶόν
1066 1563 1107 1587 τε
1133 1553 1202 1586 τὸν
1231 1552 1347 1587 αὐτὸν
1380 1553 1465 1596 περὶ
1497 1556 1566 1587 τοῦ
1599 1553 1717 1587 αὐτοῦ

301 1622 362 1654 καὶ
390 1620 501 1654 δόξαν
527 1619 624 1661 ἔχειν
652 1618 727 1660 ἅμα
754 1619 814 1652 καὶ
839 1617 1069 1661 ἐπιστήμην’
1099 1617 1175 1659 ἅμα
1201 1617 1273 1661 γὰρ
1301 1618 1345 1652 ἂν
1372 1617 1632 1660 ὑπολαμβάνοι
1658 1619 1718 1652 καὶ
1742 1624 1776 1650 20

302 1685 521 1727 ἐνδέχεσθαι
548 1684 607 1717 καὶ
636 1684 684 1725 μὴ
713 1683 930 1725 ἐνδέχεσθαι
957 1683 1079 1724 ἄλλως
1108 1683 1206 1725 ἔχειν
1232 1683 1277 1717 τὸ
1306 1682 1417 1717 αὐτό·
1446 1682 1523 1717 ἀλλ’
1550 1683 1590 1717 ἐν
1617 1683 1718 1727 ἄλλῳ

303 1750 369 1791 μὲν
397 1749 491 1783 εἶναι
518 1749 602 1790 περὶ
629 1748 770 1782 τούτου
799 1747 922 1789 δόξαν,
950 1748 990 1781 ἑν
1017 1748 1118 1791 ἄλλῳ
1146 1748 1177 1781 δ’
1199 1746 1409 1790 ἐπιστήμην
1438 1746 1649 1790 συμβαίνει·
1678 1747 1718 1781 ἐν

302 1813 508 1858 Ἐπικούρῳ
535 1814 602 1856 μὲν
626 1813 698 1856 γὰρ
717 1813 806 1847 δόξα
825 1812 882 1855 ἦν,
910 1812 969 1846 ὅτι
995 1814 1063 1854 τῆς
1090 1812 1250 1854 σελήνης
1272 1812 1558 1855 ὑποτρεχούσης
1576 1813 1596 1847 ὁ
1616 1813 1719 1854 ἥλιος

302 1878 529 1920 ἑκλιμπάνει,
570 1878 668 1921 ᾦετο
702 1877 774 1920 γὰρ
807 1877 901 1911 αὐτὸ
935 1877 1154 1919 ἐνδέχεσθαι
1188 1878 1247 1911 καὶ
1275 1878 1397 1918 ἄλλως
1424 1877 1539 1919 ἔχειν·
1584 1877 1623 1911 ἐν
1650 1877 1718 1911 Ἱπ-

301 1943 434 1986 πάρχῳ
462 1943 502 1977 δὲ
531 1942 730 1985 ἐπιστήμη.
1741 1948 1774 1974 25

423 2022 617 2056 Scnomox
643 2023 789 2066 Epicuri
809 2034 864 2067 ep.
885 2031 899 2056 1
918 2024 964 2056 74
982 2035 1015 2066 p.
1031 2023 1088 2062 26,
1108 2024 1130 2057 9
1157 2023 1216 2057 καὶ
1244 2023 1284 2057 ἐν
1312 2023 1437 2064 ἄλλοις
1464 2023 1597 2064 (φησὶν
1624 2021 1718 2057 Ἐπί-

302 2088 455 2131 κουρος)
481 2088 552 2130 τὴν
578 2089 651 2130 γῆν
677 2091 731 2131 τῷ
759 2088 839 2131 ἀέρι
867 2088 1094 2130 ἐποχεῖσθαι.

422 2170 568 2202 Am1vs
594 2177 639 2202 ιιι
658 2169 691 2207 4,
709 2169 730 2203 5
754 2181 786 2213 p.
805 2169 871 2202 371
888 2170 932 2203 D.
953 2169 1170 2211 (Plut.1114‚
1186 2169 1209 2202 2
1227 2169 1360 2203 Parall.
1375 2169 1409 2200 N
1424 2169 1457 2208 6,
1470 2168 1490 2202 5
1509 2180 1542 2211 p.
1558 2168 1624 2202 691
1644 2168 1718 2212 Gf.)

302 2233 519 2276 Ἐπίκουρος
539 2234 653 2276 (νέφη
673 2234 733 2267 καὶ
755 2233 867 2269 ὑετὸν
889 2235 965 2268 κτλ.
984 2232 1170 2276 γίνεσθαι)
1190 2233 1266 2267 ἀπὸ
1289 2235 1367 2267 τῶν
1386 2233 1550 2275 ἀτόμων.
1585 2241 1717 2276 στρογ-

302 2298 543 2340 γυλαίνεσθαι
570 2299 612 2332 δὲ
635 2299 706 2341 τὴν
733 2298 898 2340 χάλαζαν
922 2299 982 2332 καὶ
1009 2298 1076 2332 τὸν
1104 2298 1216 2332 ὑετὸν
1243 2297 1318 2331 ἀπὸ
1344 2299 1412 2339 τῆς
1438 2300 1580 2340 μακρᾶς
1606 2307 1718 2331 κατα·
1742 2308 1775 2333 30

302 2366 425 2407 φορᾶς
451 2363 805 2405 ὑποπεπλασμένον.

423 2446 569 2478 Amlvs
598 2453 640 2478 ιιι
662 2446 718 2484 15,
737 2447 775 2478 11
797 2456 832 2489 p.
848 2446 915 2479 381
935 2446 980 2479 D.
999 2445 1112 2488 (Plut.
1130 2453 1176 2478 111
1201 2445 1255 2484 15,
1270 2443 1309 2488 9)
1336 2445 1420 2488 περὶ
1447 2445 1612 2485 σεισμῶν
1637 2445 1717 2486 γῆς.

425 2578 446 2611 6
473 2578 516 2612 cf.
538 2576 635 2622 [Ep.]
657 2589 712 2620 ep.
728 2585 758 2611 11
773 2577 816 2611 91
853 2577 868 2621 ΙΙ
901 2577 922 2611 9
942 2578 1014 2611 uid.
1035 2575 1134 2621 [Ep.]
1156 2588 1209 2620 ep.
1226 2577 1325 2611 1192.
1355 2578 1399 2611 cf.
1418 2576 1534 2610 schol.
1553 2577 1656 2609 Bern.
1675 2576 1719 2608 ad

303 2647 423 2677 georg.
444 2645 457 2669 1
476 2636 546 2670 248
564 2649 596 2680 p.
613 2637 682 2671 866
697 2638 790 2678 Hag.
827 2635 832 2682 Ι
870 2637 914 2670 10
933 2638 1012 2670 fort.
1031 2643 1190 2679 superne
1208 2639 1274 2668 sub
1293 2641 1411 2669 ortum
1446 2635 1462 2680 ss
1499 2636 1542 2669 15
1560 2636 1603 2668 cf.
1620 2633 1719 2680 [Ep.]

304 2705 359 2737 ep.
386 2702 415 2728 11
441 2694 487 2728 96
512 2706 547 2738 p.
567 2696 623 2733 42,
643 2697 664 2728 4
706 2694 721 2740 ΙΙ
763 2695 810 2729 26
836 2697 904 2728 hoc
931 2696 971 2729 sr.
1000 2695 1154 2739 pertinet
1182 2696 1226 2727 ad
1253 2694 1347 2738 Περὶ
1373 2695 1527 2736 φύσεως
1554 2694 1577 2727 1.
1605 2701 1647 2726 xl
1674 2694 1719 2726 cs.

304 2766 337 2800 p.
360 2754 439 2794 126,
457 2755 502 2789 27
537 2754 553 2800 ΙΙ
587 2755 633 2789 29
660 2756 703 2789 cs.
724 2754 821 2800 [Ep.]
842 2766 896 2800 ep.
914 2763 944 2791 ΙΙ
963 2756 1019 2790 99,
1043 2755 1109 2788 106
1124 2766 1175 2800 sq.
1215 2753 1232 2800 ΙΙ
1272 2755 1316 2789 32
1344 2755 1388 2787 cf.
1408 2752 1507 2799 [Ep.]
1528 2764 1582 2798 ep.
1601 2761 1632 2786 11
1654 2753 1719 2787 105
