1842 3250
652 246 858 278 EPICVRI
884 243 1099 277 PHYSICA
1511 241 1554 274 21
1566 241 1578 273 1

171 370 269 403 σεις
292 372 342 396 τε
367 361 445 396 καὶ
471 359 768 403 περιπλοκάς,
789 359 942 400 ἄμεινον
960 358 1083 398 ὄντως
1101 357 1202 391 ἐστὶν
1221 354 1339 390 εἰπεῖν
1358 355 1444 397 μηδ’
1461 355 1583 389 ἕλκειν

169 426 268 467 ὅλως
284 425 442 466 αὐτούς·
461 426 557 459 πολὺ
576 424 650 467 γὰρ
667 423 713 457 ἂν
732 423 835 457 οὕτω
852 433 896 464 γε
913 424 992 456 τῶν
1011 421 1072 456 ἐπὶ
1089 423 1158 464 τῆς
1170 418 1386 464 Ἡρακλείας
1404 418 1510 454 λίθου
1529 429 1584 461 μι-

170 493 249 535 κρῷ
267 490 433 534 πρόσθεν
453 488 661 533 εἰρημένων
679 489 699 523 ὁ
717 488 830 530 λόγος
848 487 1114 529 ἐξεταζόμενος
1138 484 1308 529 εὑρεθείη
1333 484 1583 527 γελοιότερος.

75 570 146 604 294
293 570 442 605 Szxmvs
468 572 548 604 adu.
577 571 731 611 dogmat.
758 576 798 602 1v
826 569 1004 611 (mathem.
1029 567 1071 611 x)
1099 567 1167 601 219
1209 565 1427 610 Ἐπίκουρος
1455 565 1506 607 δέ,
1535 564 1586 606 ὡς

131 641 147 666 5
171 633 290 668 αὐτὸν
317 632 536 676 Δημήτριος
567 633 588 667 ὁ
612 632 747 666 Λάκων
780 631 976 673 ἐξηγεῖται,
1015 630 1098 664 τὸν
1129 630 1297 673 χρόνον
1331 629 1586 671 σύμπτωμα

169 697 526 740 συμπτωμάτων
560 698 679 732 εἶναι
707 697 817 738 λέγει,
854 696 1179 739 παρεπόμενον
1213 694 1402 737 ἡμέραις
1434 704 1482 728 τε
1514 694 1587 728 καὶ

169 763 267 797 νυξὶ
302 762 373 796 καὶ
411 762 548 805 ὥραις
583 762 656 796 καὶ
688 761 854 795 πάθεσι
891 760 965 794 καὶ
1000 758 1245 799 ἀπαθείαις
1280 759 1351 792 καὶ
1378 758 1588 800 κινήσεσι

170 828 245 862 καὶ
272 829 450 868 μοναῖς·
476 826 601 860 πάντα
619 826 690 869 γὰρ
711 828 832 859 ταῦτα
859 824 1121 866 συμπτώματα
1150 824 1229 858 ἑστι
1254 824 1329 857 τισὶ
1357 822 1588 865 συμβεβηκό-

170 901 230 933 τα,
257 892 317 925 καί
343 892 364 925 ὁ
391 891 525 934 χρόνος
548 893 639 924 πᾶσι
665 890 816 930 τούτοις
842 889 1180 932 συμπαρεπόμενος
1199 888 1355 928 εἰκότως
1373 888 1418 921 ἂν
1439 885 1586 928 λεχθείη

118 966 149 989 ιο
171 956 384 997 σύμπτωμα
411 955 714 998 συμπτωμάτων.
742 955 838 986 idem
857 954 947 987 ibid.
963 953 1152 987 238—247
1170 952 1294 995 hypot.
1307 959 1350 984 111
1367 952 1434 985 137
1448 951 1503 995 (fr.
1518 951 1588 994 79).

171 1020 319 1053 Aunvs
346 1027 360 1053 1
386 1019 444 1056 22,
464 1019 484 1051 5
511 1027 545 1061 p.
565 1017 645 1055 318,
667 1018 709 1050 19
728 1016 844 1050 Diels.
873 1016 989 1059 (Stob.
1018 1016 1082 1049 ecl.
1110 1015 1170 1058 ph.
1197 1014 1230 1053 8,
1250 1014 1310 1056 45)
1337 1013 1431 1056 Περὶ
1458 1012 1590 1053 οὐσίας

171 1084 321 1126 χρόνου.
357 1111 365 1117 .
387 1110 422 1118 ..
450 1081 666 1125 Ἐπίκουρος
693 1082 906 1123 σύμπτωμα
927 1078 1279 1124 <συμπτωμάτων>,
1307 1081 1424 1112 τοῦτο
1451 1078 1482 1111 δ’
1510 1077 1589 1112 ἐστὶ

170 1147 494 1196 παρακολούθημα
522 1146 718 1188 κινήσεων.

222 1241 289 1272 DE
315 1239 577 1273 VNIVERSO
603 1240 666 1271 ET
695 1238 890 1271 MVNDIS

81 1309 149 1343 ‘295
296 1311 438 1343 Amlvs
464 1318 478 1342 1
508 1310 562 1348 18,
582 1310 602 1343 3
628 1320 661 1353 p.
682 1308 800 1352 316‚4
819 1310 863 1341 D.
891 1308 1000 1351 (Plut.
1027 1316 1040 1341 1
1069 1309 1123 1347 18,
1147 1309 1160 1340 1
1191 1308 1291 1341 Stob.
1313 1307 1377 1340 ecl.
1397 1308 1456 1350 ph.
1479 1307 1533 1345 18,
1556 1305 1591 1350 1}

121 1387 153 1412 ιε
174 1373 387 1415 Λεύκιππος
413 1374 652 1417 Δημόκριτος
679 1373 898 1416 Δημήτριος
924 1372 1185 1415 Μητρόδωρος
1208 1371 1424 1414 Ἐπίκουρος
1449 1371 1497 1405 τὰ
1524 1372 1590 1413 μὲν

175 1439 298 1481 ἄτομα
324 1439 459 1482 ἄπειρα
484 1441 540 1483 τῷ
566 1438 709 1480 πλήθει,
737 1438 782 1472 τὸ
809 1438 849 1472 δὲ
877 1437 987 1472 κενὸν
1014 1437 1170 1481 ἄπειρον
1198 1440 1253 1481 τῷ
1281 1436 1439 1478 μεγέθει.

80 1520 150 1554 296
297 1519 553 1554 ΡΙΝΤΑΒΟΗνε
572 1521 651 1553 adu.
671 1521 825 1553 Coloten
848 1521 890 1553 13
909 1532 943 1564 p.
962 1520 1073 1552 1114ιι
1099 1519 1158 1553 καὶ
1179 1518 1248 1563 γὰρ
1266 1518 1483 1561 Ἐπίκουρος
1501 1518 1592 1551 ὅταν

174 1584 263 1629 λέγῃ
290 1585 341 1619 τὸ
368 1587 457 1619 πᾶν
485 1585 680 1628 ἄπειρον
715 1586 834 1619 εἶναι
869 1585 941 1618 καὶ
976 1583 1212 1626 ἀγένητον
1247 1584 1320 1617 καὶ
1354 1583 1593 1626 ἄφθαρτον

118 1659 152 1684 20
175 1650 248 1683 καὶ
283 1649 384 1692 μήτ’
421 1649 677 1691 αὐξόμενον
714 1648 824 1691 μήτε
858 1649 1155 1691 μειούμενον,
1194 1648 1245 1689 ὡς
1270 1648 1355 1690 περὶ
1383 1647 1466 1688 ἑνός
1491 1657 1594 1687 τινος

176 1713 386 1756 διαλέγεται
412 1717 483 1748 τοῦ
510 1715 662 1756 παντός.

80 1804 150 1838 297
289 1798 404 1846 quod
433 1798 592 1835 finitum
620 1803 698 1842 est,
730 1796 858 1834 habet
889 1805 1128 1834 extremum.
1169 1797 1284 1845 quod
1304 1799 1447 1834 autem
1470 1795 1594 1833 habet

177 1877 416 1915 extremum,
449 1871 492 1908 id
523 1871 701 1908 cernitur
731 1883 782 1908 ex
813 1871 891 1908 alio
925 1870 1193 1908 extrinsecus.
1252 1875 1296 1906 at
1326 1869 1440 1918 quod
1471 1881 1594 1906 omne

175 1950 252 1989 est,
298 1945 340 1981 id
371 1956 455 1981 non
491 1945 669 1981 cernitur
698 1956 749 1981 ex
782 1944 862 1981 alio
894 1944 1163 1980 extrinsecus.
1222 1941 1320 1979 nihil
1351 1942 1471 1991 igitur
1502 1953 1594 1979 cum

119 2027 151 2053 ‘25
176 2016 329 2054 habeat
362 2022 604 2062 extremum,
634 2017 833 2054 infinitum
864 2018 916 2054 sit
945 2028 1120 2054 necesse
1153 2021 1228 2053 est.

177 2087 317 2121 CICERO
345 2088 389 2120 de
416 2089 528 2122 diuin.
554 2096 586 2121 ΙΙ
611 2089 668 2127 50,
701 2089 767 2122 103
806 2088 977 2121 ‘uidesne
1002 2088 1210 2131 Epicurum,
1236 2097 1341 2130 quem
1368 2086 1535 2119 hebetem
1563 2090 1597 2118 et

176 2153 300 2185 rudem
327 2153 446 2185 dicere
473 2154 591 2185 solent
617 2153 741 2196 Stoici,
770 2163 875 2196 quem
902 2153 946 2184 ad
973 2153 1118 2184 modum
1144 2152 1242 2194 quod
1268 2152 1306 2183 in
1330 2156 1454 2183 natura
1481 2161 1596 2183 rerum

178 2228 304 2250 omne
332 2228 411 2249 esse
438 2218 600 2255 dicimus,
626 2219 664 2250 id
691 2217 866 2250 infinitum
894 2228 973 2249 esse
1002 2215 1242 2249 concluserit?
1277 2215 1394 2259 quod
1421 2215 1597 2247 finitum

179 2286 263 2320 est,
303 2282 429 2325 inquit,
468 2282 602 2314 habet
638 2287 881 2315 extremum.
934 2282 1014 2324 quis
1051 2281 1120 2313 hoc
1155 2291 1227 2313 non
1260 2279 1425 2313 dederit?
1477 2279 1598 2321 quod

122 2352 156 2378 30
181 2351 323 2378 autem
352 2372 359 2379 .
380 2372 388 2380 .
408 2373 416 2380 .
446 2348 738 2380 extrinsecus.
785 2347 854 2379 hoc
886 2356 1029 2390 quoque
1058 2351 1113 2377 est
1139 2344 1419 2377 concedendum.
1464 2349 1505 2376 at
1534 2370 1569 2376 ..
1590 2367 1599 2376 .

181 2410 475 2443 extrinsecus.
519 2421 563 2442 ne
590 2410 659 2442 hoc
685 2411 830 2453 quidem
864 2410 986 2452 negari
1018 2415 1148 2453 potest.
1192 2408 1307 2441 nihil
1336 2434 1343 2442 .
1366 2435 1373 2442 .
1395 2434 1403 2441 .
1431 2413 1507 2440 est.
1550 2407 1600 2438 ui-

181 2473 293 2506 desne
321 2480 358 2506 ut
384 2475 428 2506 ad
455 2485 528 2507 rem
555 2476 700 2508 dubiam
725 2475 905 2508 concessis
930 2475 1036 2507 rebus
1064 2472 1307 2517 peruenerit?²

182 2535 405 2572 Sfflmcws
429 2539 466 2571 in
487 2540 598 2573 Arist.
617 2540 721 2583 phys.
741 2539 763 2573 Γ
781 2540 802 2572 4
830 2538 879 2582 (p.
898 2538 987 2573 ‘203b
1005 2538 1068 2582 20)
1098 2539 1122 2572 f.
1146 2538 1231 2572 10¹1·u
1256 2538 1442 2580 τέταρτον
1468 2536 1509 2570 δὲ
1538 2537 1599 2570 καί

305 2659 347 2693 12
367 2660 659 2702 συμπτωμάτων
680 2661 760 2695 add.
776 2661 920 2693 Heeren
951 2660 966 2704 Η
996 2660 1040 2693 21
1061 2660 1287 2702 subiungitur
1307 2659 1346 2693 fr.
1364 2660 1408 2693 74
1439 2658 1455 2703 Ιὶ
1484 2659 1530 2692 22
1550 2659 1593 2691 cf.

181 2718 248 2761 Ep.
276 2729 331 2763 ep.
358 2727 373 2753 Ι
399 2720 442 2753 41
471 2732 505 2764 p.
525 2721 558 2758 7,
578 2722 599 2755 6
638 2721 644 2763 1
689 2721 734 2754 32
762 2718 960 2765 concessis]
988 2731 1010 2752 a
1035 2722 1212 2751 concessis
1241 2718 1495 2751 CFGMueuer
1520 2729 1600 2761 pro-

183 2779 354 2811 babiliter
415 2781 422 2821 ἰ
486 2780 529 2813 33
557 2780 741 2823 τέταρτον
769 2784 1009 2820 argumentum
1036 2789 1107 2821 quo
1136 2777 1285 2821 ἀπειρία
1317 2778 1411 2809 effici
1438 2778 1603 2810 uideatur

1538 2849 1600 2876 14*
