1846 3288
311 254 388 287 XX
868 252 1161 286 PRAEFATIO

313 381 388 408 nes
418 373 621 419 quotquot
652 369 757 407 haec
793 368 921 406 uerba
951 374 1167 406 semarunt
1197 368 1388 406 uidentur
1415 364 1478 408 ἔτι
1514 377 1569 407 τε
1599 377 1716 416 prac-

310 437 423 488 bere,
452 437 529 475 nisi
557 438 670 488 quod
696 434 743 476 τὲ
775 435 805 473 Ρ
836 434 1025 473 Bonneto
1055 440 1174 483 teste,
1203 433 1253 483 γὲ
1283 435 1326 473 F.

422 505 519 545 ibid.
542 506 595 544 99
626 516 665 554 p.
692 505 763 553 44,
783 504 807 540 4
838 502 1033 552 quoniam
1062 502 1149 539 libri
1179 503 1346 540 tradunt
1373 498 1492 551 παρὰ
1520 498 1717 550 πιλήσεις
1762 492 1770 501 ’

309 567 441 621 ἀέρος
477 566 786 620 πνευμάτων
827 564 1112 618 συνώσεις,
1160 580 1351 607 caueram
1385 581 1438 606 ne
1469 568 1612 606 uitium
1643 567 1717 605 ob-

310 639 531 677 litterarent
561 637 760 688 particula
789 633 815 684 ἢ
846 636 1102 686 interpolata.
1145 637 1223 674 sed
1241 636 1387 674 dubito
1413 642 1582 674 rectene
1611 634 1715 674 alte-

307 718 396 744 rum
438 706 603 744 alterius
643 705 850 754 glossema
890 715 982 741 esse
1021 703 1300 743 iudicauerim.
1356 704 1547 754 scriptum
1589 703 1716 741 fuisse

307 785 417 811 nunc
453 778 552 822 puto
590 767 846 820 πνευμάτων
877 768 1105 811 συνώσει
1144 771 1197 809 cf.
1230 770 1440 810 Luc-retius
1469 777 1520 811 VI
1550 772 1632 810 462
1655 781 1714 820 sq.

307 852 389 877 cum
420 840 632 877 consistunt
660 837 812 882 nubila,
837 839 1010 887 primum
1036 867 1045 876 .
1074 868 1085 877 .
1121 869 1129 878 .
1160 838 1306 882 tenuia,
1343 837 1494 876 uenti
1513 841 1716 886 portantes

307 911 484 957 cogunt
510 905 566 942 ad
589 917 738 942 summa
770 906 970 942 cacumina
1001 905 1168 941 montis:
1197 904 1259 941 hic
1290 905 1434 942 demum
1446 903 1501 953 fit
1519 906 1582 942 uti
1596 903 1715 942 turba

306 974 453 1010 maiore
482 977 608 1010 coorta
642 977 678 1009 et
707 973 896 1009 condensa
929 977 1074 1020 queant
1101 978 1292 1021 apparere
1322 978 1365 1010 et
1384 972 1528 1011 Aetius
1558 974 1670 1020 1114,
1691 976 1712 1012 5

304 1052 345 1091 p.
368 1035 471 1079 371¹²
496 1040 547 1079 23
581 1039 630 1078 D.
670 1036 740 1079 καὶ
775 1039 942 1088 πνεῦμα
977 1038 1055 1088 μὲν
1087 1036 1315 1080 ἀποτελεῖν
1346 1050 1415 1079 πα
1432 1040 1626 1090 ρῶσαν
1660 1036 1714 1079 τὰ

304 1104 429 1158 νέφη.

417 1175 513 1214 ibid.
546 1176 625 1214 103
657 1186 696 1224 p.
715 1176 781 1220 46,
806 1176 856 1213 15
897 1174 1004 1212 libris
1037 1174 1148 1222 BPQ
1181 1175 1290 1212 male
1320 1175 1509 1213 credulus
1540 1180 1713 1213 eatenus

304 1242 427 1280 fidem
466 1242 590 1279 habui
627 1248 671 1279 ut
707 1254 749 1279 re
788 1254 872 1280 non
912 1242 1010 1280 satis
1050 1242 1262 1292 explorata
1292 1243 1333 1281 in
1365 1253 1505 1280 eorum
1537 1243 1714 1280 lectione

303 1307 374 1349 καὶ
404 1306 512 1349 κατὰ
544 1306 661 1358 ῥῆξιν
692 1310 1011 1359 acquiescerem.
1059 1316 1102 1347 at
1122 1311 1179 1347 eis
1201 1321 1307 1360 quae
1329 1310 1581 1348 antecedunt
1605 1306 1714 1348 κατὰ

302 1374 508 1425 πλείονας
537 1372 794 1426 πνευμάτων
823 1375 1044 1426 συλλογὰς
1076 1375 1144 1416 καὶ
1174 1374 1418 1426 κατείλησιν
1449 1372 1633 1426 ἰσχυράν
1667 1387 1713 1417 τε

303 1441 547 1494 ἐκπύρωσιν
578 1445 706 1494 prima
735 1444 911 1482 fulminis
943 1445 1174 1494 explicandi
1206 1445 1308 1482 ratio
1332 1444 1497 1482 minime
1525 1443 1714 1482 absoluta

301 1518 376 1561 est,
416 1509 526 1550 adici
567 1518 725 1561 oportet
757 1513 966 1562 quomodo
1005 1514 1108 1562 ignis
1140 1513 1206 1550 ille
1238 1524 1287 1551 ex
1318 1512 1428 1550 nube
1458 1517 1709 1562 prorumpat.

299 1579 344 1616 id
375 1579 488 1629 quod
519 1579 604 1617 fieri
633 1579 890 1617 manifestum
921 1587 986 1617 est
1017 1580 1078 1617 his
1111 1592 1216 1629 quae
1248 1580 1500 1617 subiciuntur
1529 1577 1597 1618 καὶ
1627 1590 1711 1618 κα-

301 1642 571 1696 τάρρηξιν
609 1642 1070 1697 μέρους....πίλησιν
1105 1648 1263 1697 νεφῶν.
1315 1646 1365 1687 cf.
1406 1646 1621 1685 Lucretius
1662 1653 1714 1686 VI

302 1714 379 1752 281
404 1725 493 1764 sqq.

416 1781 514 1821 ibid.
547 1783 626 1821 105
659 1794 698 1832 p.
720 1782 786 1827 48,
807 1783 831 1820 4
869 1781 947 1819 loci
977 1781 1072 1820 mihi
1102 1782 1311 1832 desperati
1342 1793 1473 1832 nuper
1511 1781 1564 1820 H.
1602 1780 1715 1820 Diel-

302 1848 385 1886 sius
422 1849 627 1887 medelam
667 1848 774 1887 hanc
813 1851 1030 1899 proposuit
1068 1847 1115 1889 ἐκ
1150 1848 1228 1889 τοῦ
1258 1845 1426 1889 πίπτειν
1463 1845 1556 1889 εἴσ
1566 1860 1602 1889 ω
1632 1846 1714 1899 (εἰς

299 1913 407 1965 libri)
439 1913 582 1966 ἐδάφη
615 1913 677 1966 εἰς
714 1913 979 1965 ἀντροειδεῖς
1014 1914 1179 1966 τόπους
1208 1916 1287 1966 τῆς
1317 1916 1410 1966 γῆς,
1449 1916 1572 1966 longe
1613 1928 1714 1955 sane

300 1982 528 2022 facillimam
559 1991 600 2022 et
631 1984 805 2022 fortasse
836 1995 985 2024 ueram.

414 2052 615 2102 epistulae
653 2059 707 2091 ΠΙ
741 2052 819 2090 124
856 2050 984 2089 uerba
1013 2064 1052 2102 p.
1083 2053 1148 2100 60,
1176 2053 1229 2091 10
1272 2048 1396 2092 ἔνθεν
1430 2048 1474 2090 αἱ
1518 2049 1713 2101 μέγισται

301 2114 454 2169 βλάβαι
493 2130 538 2159 τε
575 2119 669 2168 τοῖς
705 2118 856 2168 κακοῖς
894 2117 942 2158 ἐκ
983 2120 1093 2158 θεῶν
1132 2115 1364 2166 ἐπάγονται
1398 2117 1466 2158 καὶ
1506 2116 1713 2169 ὠφέλειαι

296 2181 414 2237 <τοῖς
445 2183 652 2237 ἀγαθοῑς>
682 2188 840 2224 tamdiu
871 2187 1054 2237 oportuit
1085 2193 1277 2236 suspecta
1308 2198 1413 2236 esse,
1443 2187 1640 2237 quamdiu
1671 2199 1710 2225 u.

297 2249 423 2293 ἔνθεν
452 2255 506 2291 ad
535 2254 761 2304 proximum
783 2266 934 2293 nomen
963 2250 1006 2293 αἱ
1033 2253 1121 2294 τῶν
1142 2252 1318 2294 πολλῶν
1343 2251 1451 2303 ὑπὲρ
1473 2253 1585 2294 θεῶν
1605 2250 1711 2294 ἀπο·

297 2317 458 2371 φάσεις
487 2321 751 2361 referebatur.
796 2333 879 2372 quo
910 2333 989 2372 ego
1011 2333 1177 2371 quoque
1201 2332 1335 2359 errore
1359 2322 1544 2367 tenebar,
1573 2322 1711 2361 donec

298 2387 462 2438 Epicuri
491 2391 738 2427 sententiam
768 2388 867 2427 mihi
898 2388 942 2428 fr.
974 2391 1054 2429 385
1087 2389 1256 2439 aperuit.
1305 2390 1420 2427 cuius
1452 2388 1568 2439 quasi
1599 2400 1711 2427 com-

296 2456 541 2495 mentarium
572 2457 767 2496 exhibent
797 2457 1045 2496 Lucretiana
1076 2456 1180 2495 haec
1206 2464 1258 2496 VI
1291 2458 1342 2497 68
1359 2469 1418 2507 sq.

467 2537 566 2573 quae
595 2525 680 2564 nisi
703 2526 856 2574 respuis
888 2537 941 2562 ex
972 2525 1099 2562 animo
1132 2524 1320 2574 longeque
1349 2523 1511 2561 renu‘ttzzv

465 2591 526 2627 dt's
558 2590 727 2641 t'ndzjgna
747 2597 895 2641 putare
924 2593 1132 2641 alienaque
1155 2593 1269 2641 pacis
1298 2603 1441 2636 eorum,

353 2657 407 2696 70
463 2657 638 2696 delibata
670 2660 778 2697 deum
802 2666 879 2710 per
908 2665 942 2697 te
972 2659 1050 2698 tibi
1073 2661 1238 2697 numina
1266 2663 1404 2699 sancta

461 2733 574 2776 saepe
602 2726 772 2772 oberunt,
802 2740 879 2764 non
910 2740 985 2776 quo
1016 2728 1172 2765 uiolari
1195 2739 1342 2765 summa
1372 2727 1481 2765 deum
1515 2727 1574 2764 uis

454 2794 578 2842 possit
606 2798 650 2830 u!
680 2806 733 2831 ex
765 2795 832 2831 ira
853 2801 1000 2843 poenas
1020 2799 1153 2844 petere
1184 2793 1338 2831 inbibat
1365 2794 1485 2838 acris,
