1846 3288
78 1011 110 1035 10

80 1331 111 1357 x!-

42 1402 110 1436 28*

74 1674 110 1699 20

23 1997 108 2024 ⁷25

570 217 780 249 EPICVRI
814 215 917 250 Περι
945 213 1141 250 ΗΔοΝΗΣ
1458 190 1461 193 ’
1501 218 1565 251 101

601 354 736 386 xxm
762 332 882 387 ’Περι
913 347 1107 389 *momu-

261 433 406 467 CICERO
434 434 479 466 de
506 434 620 467 diuin.
647 441 676 467 Π
704 434 760 473 27,
776 434 823 468 59
849 434 933 466 ‘nos
961 440 1077 467 autem
1106 435 1155 467 ita
1180 435 1282 467 leues
1311 442 1416 478 atque
1445 437 1565 468 incon-

139 499 286 532 siderati
320 510 453 537 sumus,
493 506 532 531 ut
559 499 587 530 si
615 509 733 531 mures
767 500 984 532 corroserint
1018 500 1165 543 aliquid,
1206 511 1356 543 quorum
1394 506 1447 532 est
1477 512 1566 543 opus

137 564 209 596 hoc
237 573 356 602 unum,
396 568 592 595 monstrum
619 564 806 605 putemus?
941 589 948 596 .
976 575 1055 598 nam
1083 565 1111 597 si
1140 565 1209 597 ista
1237 565 1428 607 sequimur,
1468 566 1566 608 quod

137 629 301 661 Platonis
327 628 488 661 Politian
516 639 629 671 nuper
656 629 751 671 apud
778 640 832 661 me
859 640 977 662 mures
1004 635 1241 668 corroserunt,
1282 631 1327 663 de
1354 641 1390 662 re
1418 630 1566 673 publica

139 693 248 726 debui
272 692 536 736 pertimescere,
578 697 638 724 aut
669 693 698 724 si
731 693 916 735 Epicuri
952 694 1003 725 de
1036 695 1276 737 uoluptate
1310 695 1430 727 liber
1461 706 1564 727 rosus

137 763 244 796 esset,
269 761 431 801 putarem
458 767 633 789 annonam
658 757 695 789 in
725 756 878 789 macello
906 757 1076 810 cariorem
1104 757 1209 791 fore’.

664 854 783 887 XXV
825 854 1028 889 ΘΕΜΙΣΤΑ

259 934 404 969 CICERO
431 936 475 967 de
500 935 632 968 finibus
650 943 681 968 ΙΙ
700 936 756 974 21,
773 936 818 969 67
845 935 899 968 ‘in
924 938 1053 969 uestris
1081 938 1387 982 disputationibus
1415 940 1566 972 historia

135 1006 231 1033 muta
265 1006 328 1033 est.
382 1011 571 1043 numquam
606 1001 727 1032 audiui
759 1001 796 1033 in
828 1002 976 1045 Epicuri
1012 1002 1138 1035 schola
1163 1004 1366 1046 Lycurgum
1392 1004 1564 1037 Solonem

137 1065 340 1098 Miltiadem
367 1065 648 1098 Themistoclem
674 1066 960 1109 Epaminondam
998 1068 1185 1110 nominari,
1225 1069 1286 1111 qui
1320 1069 1355 1100 in
1387 1079 1449 1102 ore
1483 1077 1565 1102 sunt

137 1135 336 1162 ceterorum
355 1130 513 1162 omnium
531 1129 833 1173 philosophorum
862 1157 869 1164 .
891 1158 898 1165 .
919 1157 926 1164 .
948 1156 956 1163 .
984 1131 1029 1164 68
1055 1143 1175 1165 nonne
1200 1133 1327 1165 melius
1355 1139 1410 1165 cst
1437 1135 1482 1166 de
1508 1134 1565 1166 his

136 1194 273 1238 aliquid
299 1205 406 1237 quam
431 1195 572 1228 tantis
600 1195 906 1228 uoluminibus
937 1197 989 1228 de
1019 1197 1245 1229 Themista
1271 1198 1440 1241 loqui?’

135 1258 188 1302 [in
214 1259 332 1292 indice
351 1259 543 1292 Laertiano
563 1260 639 1292 fieri
658 1261 775 1304 potuit
803 1267 840 1293 ut
864 1267 947 1304 post
975 1273 1009 1304 p.
1029 1262 1086 1300 86,
1106 1263 1125 1294 7
1154 1263 1249 1305 πρὸς
1266 1262 1456 1304 Θεμίσταν
1484 1264 1564 1296 titu-

134 1324 191 1356 lus
220 1324 460 1357 intercideret.
503 1325 547 1357 de
573 1335 705 1366 genere
733 1326 937 1368 scriptionis
965 1327 1006 1359 cf.
1035 1338 1069 1370 p.
1089 1327 1165 1370 93.]

257 1404 400 1438 CICERO
430 1416 481 1439 or.
509 1407 545 1438 in
572 1407 614 1439 L.
640 1407 810 1438 Pisonem
838 1407 896 1445 26,
917 1406 962 1440 62
977 1418 1029 1450 sq.
1060 1407 1191 1440 ‘inrisa
1219 1415 1271 1440 est
1300 1409 1364 1441 abs
1391 1415 1425 1440 te
1453 1408 1562 1452 paulo

135 1474 215 1502 aute
235 1470 284 1503 M.
305 1470 449 1503 Pisonis
478 1470 655 1513 cupiditas
683 1471 925 1514 triumphandi
954 1497 1059 1505 .....
1088 1483 1129 1504 ea
1156 1474 1366 1511 contemnis,
1395 1483 1487 1516 quae
1506 1473 1562 1505 illi

133 1534 279 1573 idiotae,
306 1540 344 1566 ut
369 1540 407 1567 tu
433 1536 610 1579 appellas,
637 1537 821 1579 praeclara
839 1538 1016 1568 duxerunt
1157 1545 1193 1569 tu
1221 1538 1327 1570 tantis
1355 1539 1560 1570 nationibus

134 1599 304 1642 subactis,
332 1601 438 1632 tantis
466 1601 573 1633 rebus
599 1601 881 1661 gestisgninirne
910 1603 1062 1634 fructum
1090 1602 1256 1634 laborum
1285 1608 1438 1641 tuorum,
1463 1615 1562 1647 prae-

132 1665 202 1697 mia
226 1665 480 1708 periculorum,
508 1666 649 1698 uirtutis
678 1662 832 1708 insignia
858 1672 1085 1700 contemnere
1114 1668 1282 1700 debuisti.
1328 1678 1445 1710 neque
1474 1679 1559 1701 uero

131 1730 390 1772 contempsisti,
417 1731 466 1762 sis
491 1730 576 1763 licet
603 1730 788 1763 Themista
815 1731 1038 1774 sapientior'.
1078 1732 1172 1764 idem
1201 1733 1289 1765 ibid.
1317 1732 1375 1769 25,
1396 1732 1442 1765 60
1470 1732 1560 1764 ‘dis-

131 1804 228 1826 seres
246 1794 291 1826 de
310 1794 509 1838 triumpho:
546 1795 641 1837 Quid
668 1797 811 1828 tandem
838 1796 946 1828 habet
973 1797 1041 1829 iste
1069 1797 1218 1828 currus?
1246 1822 1351 1830 .....
1381 1797 1466 1840 quid
1487 1802 1561 1829 tota

129 1858 193 1891 illa
219 1859 371 1903 pompa?
408 1860 528 1892 inania
555 1866 636 1893 sunt
662 1860 741 1899 ista,
775 1860 863 1893 mihi
890 1861 1007 1900 crede,
1045 1861 1308 1893 delectamenta
1333 1871 1447 1904 paene
1474 1871 1560 1904 pue-

130 1933 262 1962 rorum,
287 1930 429 1967 captare
455 1924 618 1968 plausus,
645 1925 729 1957 uehi
757 1936 820 1968 per
846 1924 983 1963 urbem,
1012 1925 1174 1968 conspici
1202 1926 1318 1958 uelle:
1359 1925 1490 1968 quibus
1518 1936 1561 1958 ex

129 1987 238 2021 rebus
263 1987 356 2020 nihil
383 1994 437 2020 est
461 1989 559 2032 quod
587 1989 743 2031 solidum
770 1994 903 2027 tenere,
930 1989 1022 2022 nihil
1049 1990 1147 2034 quod
1174 1990 1307 2022 referre
1330 1990 1376 2022 ad
1394 1989 1560 2033 uolupta-

131 2056 201 2084 tem
227 2053 388 2096 corporis
414 2052 562 2095 possis’.
590 2052 648 2092 27,
665 2053 711 2087 65
737 2052 803 2086 ‘da
829 2060 863 2086 te
890 2053 1250 2097 pomum-committe
1276 2055 1384 2088 ludis.
1414 2055 1559 2087 sibilum

130 2116 281 2149 metuis?
306 2117 370 2150 ubi
396 2123 477 2151 sunt
504 2123 644 2151 uestrae
672 2118 848 2152 scholae?
872 2128 918 2151 ne
947 2119 1161 2152 acclametur
1189 2119 1317 2152 times?
1347 2130 1390 2152 ne
1419 2120 1454 2152 id
1482 2120 1559 2163 qui-

131 2180 213 2213 dem
237 2186 291 2214 est
316 2191 440 2214 curare
467 2182 708 2226 philosophi'.

518 2280 655 2313 XXVI
696 2280 824 2316 ΠΡΟΣ
859 2281 1166 2324 ΘΕΟΦΡΑΣΤΟΝ

253 2358 396 2394 CICERO
427 2362 471 2394 de
498 2368 568 2395 nat.
597 2362 697 2396 deor.
726 2370 739 2396 1
765 2361 823 2403 33,
842 2363 889 2397 93
940 2363 1023 2396 ‘sed
1050 2365 1278 2397 meretricula
1309 2366 1415 2397 etiarn
1442 2367 1559 2398 Leon—

252 2509 295 2542 21
325 2511 532 2544 Themistae
551 2512 596 2544 de
616 2513 773 2545 uanitate
800 2513 937 2554 gloriae
962 2524 1072 2546 uoces
1099 2519 1263 2557 poterant
1289 2515 1393 2546 etiam
1414 2525 1455 2547 ex
1474 2515 1559 2558 Epi-

131 2568 205 2600 curi
229 2568 274 2600 ad
301 2579 379 2609 earn
406 2569 560 2612 epistula
587 2576 694 2603 notae
721 2583 799 2604 esse
840 2574 845 2615 Ι
884 2573 931 2607 30
948 2592 991 2597 --—
1007 2585 1040 2616 p.
1061 2573 1140 2614 102,
1157 2574 1178 2606 6
1204 2574 1285 2605 hinc
1313 2574 1465 2615 colligas
1487 2574 1558 2605 Cli-

129 2627 331 2660 tomachum
368 2629 401 2661 h.
439 2639 468 2661 e.
503 2629 710 2662 Carneaden
746 2631 897 2663 aliorum
932 2632 1062 2664 famam
1095 2638 1254 2665 secutum
1287 2632 1401 2664 libros
1436 2637 1556 2664 contra

131 2685 420 2729 Theophrastum
454 2699 525 2720 non
552 2689 709 2731 Epicuro
740 2691 805 2722 sed
833 2691 988 2723 Leontio
1023 2691 1206 2725 tribuisse.
1257 2692 1361 2723 simul
1398 2692 1557 2724 indidem

132 2750 271 2778 constat
298 2747 334 2778 in
362 2745 437 2779 illis
463 2746 567 2780 libris
596 2748 640 2781 de
668 2749 817 2790 deorum
843 2754 968 2782 natura
994 2751 1212 2794 disputatum
1239 2761 1318 2782 esse
