1842 3250
52 687 123 722 432

54 898 123 931 483

95 972 127 997 ιο

95 1298 127 1325 15

56 1959 127 1993 484

60 2533 132 2566 485

646 231 851 263 EPICVRI
877 229 1061 262 131*ch
1492 227 1562 261 305

150 342 368 385 μασάμενον
403 343 450 378 τὰ
485 343 670 385 ἀναγκαῖα
705 342 904 388 προσθήκῃ
939 346 986 387 τῇ
1019 341 1227 386 φιλοσοφίᾳ
1260 343 1430 385 χρῆσθαι,
1470 341 1561 376 ἀλλὰ

147 407 536 451 παρασκευασάμενον
571 408 615 442 τὸ
649 409 802 452 Θαρρεῑν
827 411 876 453 τῇ
905 410 1008 452 ψυχῇ
1041 407 1217 450 γνησίως,
1256 407 1380 448 οὕτως
1413 406 1562 449 ἀντέχε-

148 475 235 507 σθαι
259 475 338 507 τῶν
364 474 446 507 καθ’
466 473 620 517 ἡμέραν.
648 477 753 518 κακῷ
780 474 852 517 γὰρ
879 475 1090 516 φροντιστῇ
1117 472 1165 506 τὰ
1191 472 1272 505 καθ’
1301 471 1460 512 ἑαυτοὺς
1486 471 1562 505 ἑπι-

147 539 350 581 τρέψομεν,
378 538 468 573 ἄνευ
488 538 716 581 φιλοσοφίας
742 538 787 572 τὸ
814 538 1020 580 ἀναγκαῖον
1047 537 1371 579 συμμετρούμενοι
1396 539 1466 578 τῆς
1491 535 1561 578 φύ·

148 612 246 644 σεως
271 604 332 638 καὶ
357 603 720 646 παρασκευάζοντες.

269 686 470 719 AERIANVS
493 686 648 729 Epictet.
667 686 808 718 dissert.
828 693 871 718 111
891 685 922 723 7,
941 685 983 718 15
1002 684 1179 727 Epicurea
1197 683 1373 715 inridens:
1400 682 1421 715 ὁ
1447 683 1561 716 πλοῦ-

148 760 214 792 τος
241 750 273 783 δ’
302 749 456 792 ἀγαθόν,
497 750 557 784 καὶ
581 751 626 784 τὸ
653 749 959 792 ποιητικώτατόν
985 759 1028 791 γε
1058 750 1136 782 τῶν
1163 748 1324 790 ἡδονῶν.
1364 747 1425 781 διὰ
1449 745 1486 780 τί
1512 746 1561 787 μὴ

148 813 376 858 περιποιήσῃ
407 814 543 854 αὺτόν;

271 894 450 929 Hermus
474 895 511 927 in
530 895 621 928 Plat.
640 895 842 928 Phaedrum
860 907 895 939 p.
912 895 956 929 76
984 894 1020 930 οἳ
1046 895 1112 937 μὲν
1131 895 1203 938 γὰρ
1221 894 1409 936 ὑπέλαβον
1436 893 1564 934 ἁπλῶς

149 961 299 1003 φαῦλον
317 959 362 994 τὸ
382 959 483 1003 ἐρᾶν,
511 960 562 1000 ὡς
579 959 797 1002 Ἐπίκουρος
814 959 1038 1003 ὁρισάμενος
1058 959 1175 994 αὐτὸν
1195 959 1278 1001 (τὸν
1299 958 1437 1001 ἔρωτα)
1458 958 1562 991 σύν-

150 1035 289 1060 τονον
316 1024 465 1069 ὄρεξιν
492 1024 788 1068 ἀφροδισίων
812 1024 923 1067 μετὰ
951 1024 1141 1068 οἴστρου
1167 1024 1239 1058 καὶ
1265 1022 1525 1066 ἀδημονίας.

151 1089 398 1124 ALEXANDEn
424 1089 591 1133 Aphrod.
618 1090 654 1121 in
679 1090 792 1123 Arist.
817 1096 890 1133 top.
918 1101 952 1133 p.
968 1090 1014 1124 75
1042 1088 1187 1131 (δαίσεις
1206 1100 1239 1122 u.
1260 1089 1355 1132 ἔρως
1373 1099 1406 1131 p.
1422 1087 1503 1125 535,
1524 1087 1563 1120 14

150 1155 297 1199 Bernh.)
323 1155 368 1190 τὸ
394 1154 453 1189 ὅτι
478 1155 603 1196 οὐδεὶς
632 1154 727 1198 ἔρως
753 1154 902 1196 ἀστεῖος
928 1155 1127 1198 πρόβλημα
1154 1154 1318 1188 καθόλου
1344 1153 1387 1187 ὂν
1414 1152 1564 1194 ἀποφα-

149 1220 255 1254 τικὸν
291 1219 612 1262 ἀνασκευάσομεν,
653 1220 710 1254 ὅτι
748 1221 798 1262 μὴ
833 1221 905 1260 πᾶς
938 1220 1034 1263 ἔρως
1067 1221 1223 1262 φαῦλος,
1266 1218 1452 1257 διελόντες
1485 1216 1564 1250 τὸν

150 1285 300 1329 ἔρωτα
326 1284 379 1326 εἷς
403 1295 445 1319 τε
479 1284 710 1319 σύντονον
743 1285 891 1327 ὄρεξιν
928 1283 1231 1328 ἀφροδισίων,
1272 1283 1322 1324 ὡς
1347 1280 1565 1323 Ἐπίκουρος

149 1349 260 1391 λέγει,
301 1348 346 1383 ὃν
372 1349 442 1392 οὐχ
469 1347 550 1383 οἷόν
577 1358 619 1383 τε
646 1348 798 1384 ἀστεῖον
825 1349 930 1389 εἶναι,
971 1349 1032 1383 καὶ
1063 1348 1115 1389 εἰς
1147 1347 1323 1390 ἐπιβολὴν
1350 1344 1565 1389 φιλοποιίας

151 1414 211 1448 διὰ
238 1413 374 1454 κάλλος
399 1414 690 1457 ἐμφαινόμενον,
718 1413 770 1454 ὡς
795 1412 831 1448 οἱ
857 1411 932 1447 ἀπὸ
959 1414 1026 1455 τῆς
1052 1414 1169 1454 στοᾶς
1194 1414 1271 1446 κτλ.

150 1481 195 1514 cf.
215 1478 328 1512 schol.
347 1478 516 1522 Dionysii
533 1478 616 1511 Thr.
637 1479 739 1512 ΒΑΘ
765 1490 799 1522 p.
821 1479 903 1518 667,
922 1477 963 1511 13
993 1478 1061 1512 τὸν
1088 1478 1213 1522 ἔρωτα
1241 1477 1277 1512 οἱ
1304 1478 1371 1519 μὲν
1397 1475 1565 1509 Ἐπικού-

149 1543 244 1588 ρειοί
268 1551 386 1587 φασιν
410 1543 505 1578 εἶναι
533 1543 719 1577 σύντονον
747 1542 982 1587 ἀφροδισίων
1010 1544 1140 1587 ὄρεξιν.

151 1606 296 1643 CICERO
327 1609 435 1642 Tusc.
471 1609 563 1652 disp.
597 1616 635 1641 lv
663 1608 720 1646 33,
742 1608 787 1642 70
824 1607 886 1640 ‘ad
923 1609 1111 1649 magistros
1149 1608 1290 1640 uirtutis
1327 1608 1566 1652 philosophos

150 1674 347 1712 ueniamus,
387 1673 448 1716 qui
481 1683 637 1705 amorem
668 1679 799 1714 negant
835 1674 946 1715 :stupri
982 1683 1060 1705 esse
1095 1679 1130 1705 et
1164 1672 1201 1704 in
1236 1683 1278 1704 eo
1312 1672 1454 1714 litigant
1487 1683 1566 1705 cum

151 1737 308 1781 Epicuro
337 1749 409 1770 non
435 1739 595 1777 multum,
623 1743 660 1770 ut
687 1738 810 1781 opinio
839 1749 917 1770 mea
944 1738 1021 1776 fen,
1051 1738 1252 1771 mentiente.
1286 1737 1365 1780 quis
1393 1738 1486 1769 enim
1513 1745 1566 1771 est

153 1802 220 1834 iste
247 1813 346 1835 amor
371 1802 570 1835 amicitiae?
612 1812 672 1835 eur
702 1812 818 1846 neque
852 1803 1047 1835 deformem
1079 1802 1345 1835 adulescentem
1378 1803 1566 1846 quisquam

153 1872 246 1899 amat
272 1876 338 1900 nec
364 1867 558 1900 formosum
585 1866 746 1900 senem?

267 1950 477 1989 inmodica
507 1951 565 1988 ira
595 1951 725 2000 giguit
757 1950 971 1988 insaniam.

154 2019 301 2055 SENECA
321 2021 423 2065 epist.
442 2020 498 2061 18,
516 2021 560 2054 14
585 2020 667 2053 ‘sed
686 2020 754 2052 iam
771 2000 983 2063 indipiamus
1003 2019 1191 2063 epistulam
1212 2020 1426 2063 conplicare.
1450 2022 1567 2060 Prius,

155 2086 286 2129 inquis,
313 2086 424 2118 redde
451 2085 548 2129 quod
575 2085 699 2119 debes.
744 2085 932 2125 Delegabo
958 2091 993 2116 te
1020 2085 1064 2117 ad
1091 2085 1296 2127 Epicurum.
1341 2086 1384 2117 ab
1412 2085 1477 2117 illo
1507 2086 1566 2118 fiet

155 2150 369 2183 numeratio:
397 2150 618 2183 inmodica
644 2176 652 2184 .
672 2175 680 2183 .
699 2175 708 2184 .
734 2150 961 2182 insaniam.
988 2149 1057 2182 hoc
1076 2159 1181 2193 quatu
1199 2160 1321 2182 uerum
1340 2150 1395 2188 sit,
1422 2161 1567 2183 necesse

156 2219 209 2246 est
238 2215 343 2258 scias,
370 2224 449 2247 cum
473 2214 644 2247 habueris
673 2220 707 2246 et
734 2224 875 2246 seruum
902 2218 936 2246 et
961 2213 1159 2246 inimicum’
1186 2218 1274 2257 etqs.

155 2279 198 2312 cs.
227 2279 399 2311 Horatius
426 2279 530 2322 epist.
557 2285 569 2312 1
595 2279 630 2317 2,
654 2278 699 2312 62
725 2277 794 2310 ‘ira
818 2278 917 2311 furor
943 2277 1064 2310 breuis
1090 2282 1159 2310 est:
1187 2278 1339 2311 animum
1366 2278 1478 2319 rege'.

154 2343 378 2386 Apollonius
406 2343 557 2376 Stobaei
582 2343 657 2376 flor.
683 2351 739 2376 xx
768 2341 814 2375 49
840 2343 909 2384 τῆς
934 2340 1135 2384 ὸξυθυμίας
1159 2341 1205 2375 τὸ
1232 2342 1347 2383 ἄνθος
1372 2342 1494 2384 μανία.

566 2442 633 2474 DE
664 2441 821 2474 VITAE
846 2440 1157 2473 RATIONIBVS

267 2520 293 2572 ἢ
327 2521 410 2572 γὰρ
440 2521 511 2563 διὰ
542 2521 686 2574 φόβον
715 2534 779 2572 τις
809 2523 1114 2572 κακοδαιμονεῑ
1140 2521 1165 2572 ἢ
1195 2520 1247 2562 δι’
1271 2519 1478 2572 ἀόριστον
1499 2520 1568 2562 καὶ

274 2643 296 2677 2
308 2655 360 2688 sq.
381 2644 425 2678 cs.
440 2645 564 2678 Horat.
581 2649 644 2678 sat.
660 2651 686 2678 ll
703 2644 736 2683 2,
753 2643 937 2678 107-111
958 2643 974 2688 ΙΙ
993 2645 1013 2678 9
1027 2655 1105 2687 sqq.
1121 2644 1164 2677 cf.
1182 2644 1222 2678 [τ.
1238 2644 1294 2677 62.
1309 2643 1352 2677 61
1369 2655 1403 2687 p.
1419 2643 1567 2677 117.19.

154 2703 226 2737 456
264 2703 270 2748 Ι
312 2703 356 2737 17
381 2703 538 2738 Stoicam
570 2704 813 2737 definitionem
846 2703 958 2736 habes
992 2714 1046 2747 ap.
1081 2704 1259 2736 Laertimn
1284 2703 1392 2744 Diog.
1420 2710 1469 2735 vn
1501 2703 1567 2735 113

156 2769 242 2796 extr.
267 2762 325 2800 al..
350 2764 394 2796 cf.
420 2764 544 2796 Hirzel
570 2769 707 2796 unu-rs.
735 2770 760 2796 Π
787 2774 820 2806 p.
836 2762 906 2797 388
921 2774 997 2805 sqq.
1037 2762 1053 2806 Η
1092 2762 1138 2797 28
1166 2774 1275 2805 quam
1303 2764 1353 2795 sit
1376 2773 1502 2794 uerum
1531 2763 1568 2794 M

1254 2827 1301 2860 20
