1846 3288
552 221 618 253 DE
647 221 897 255 EXEMPLIS
923 221 1133 254 LAERTII
1458 219 1555 253 XIII

141 336 380 379 commisitl.
440 339 563 377 libros
609 338 776 388 Epicuri
818 339 1005 377 conlatos
1051 337 1188 375 debeo
1235 336 1284 376 G.
1322 336 1553 388 Meynckio,

144 410 435 445 testamentum
474 405 527 444 H.
559 404 737 450 Vitellio,
780 407 904 444 uitam
945 405 1160 444 Ludouico
1202 404 1384 442 Martens
1415 405 1556 442 Elber·

145 473 320 512 feldensi
355 479 397 511 et
427 473 547 511 Ferd.
571 472 850 513 Duemmlero.
883 475 938 511 de
968 473 1146 512 lectione
1177 472 1435 510 dubitantem
1467 483 1552 508 cer·

142 541 291 579 tiorem
320 552 405 578 non
434 552 656 590 numquam
683 540 869 578 Vitellius
901 540 1009 579 fecit.

255 615 437 647 ceterum
483 609 616 646 codex
654 608 686 646 F
733 609 903 658 quando
947 609 1114 660 quidem
1157 606 1442 658 neglegentius
1491 611 1555 643 est

140 677 315 727 scriptus
351 688 472 726 quam
515 688 565 714 ex
596 687 678 725 quo
712 676 800 714 solo
835 682 941 714 teste
974 677 1096 715 lectio
1127 676 1290 714 alterius
1320 675 1461 713 classis
1493 686 1554 710 re-

139 743 225 794 peti
267 744 410 795 possit,
457 743 695 794 praesertim
741 755 834 781 cum
872 744 1056 782 librarius
1103 743 1344 781 eruditionis
1387 742 1553 779 minime

141 813 328 850 curiosus
367 824 415 849 ex
462 811 704 850 testimoniis
748 812 874 850 multa
924 809 982 862 (in
1013 812 1113 850 libro
1142 818 1175 851 X
1206 818 1343 849 tamen
1375 807 1554 860 pauca2)

143 880 338 929 omiserit,
371 878 738 929 circumspicienda
769 885 863 916 sunt
894 879 973 917 alia
1005 879 1195 928 exempla
1226 877 1410 915 eiusdem
1432 888 1553 926 gene·

139 947 191 984 ris
223 959 306 984 non
337 958 390 984 ex
421 946 453 984 F
484 952 585 986 orta.
647 952 688 983 et
726 957 804 994 ego
843 946 1009 995 quidem
1049 946 1237 995 acquieui
1267 945 1308 982 in
1347 957 1399 981 eo
1439 943 1554 993 quod

141 1016 180 1051 in
224 1021 413 1065 promptu
463 1020 563 1063 erat,
608 1013 841 1051 editione
890 1013 1167 1052 Basiliensi
1208 1014 1258 1050 ab
1298 1012 1553 1061 Hieronymo

139 1081 345 1119 Frobenio
390 1093 426 1121 a.
465 1087 699 1120 MDXXXIII
737 1081 926 1131 euolgata
964 1076 1032 1131 (f),
1080 1081 1149 1132 qui
1187 1092 1425 1129 expressum
1461 1082 1578 1116 esset

140 1150 330 1187 codicem
369 1148 572 1186 Matthaei
609 1149 801 1198 Aurigalli
843 1148 1085 1198 professoris
1125 1147 1446 1197 Vitebergensis‚
1494 1159 1553 1183 re-

140 1222 301 1255 centem
333 1228 427 1254 eum
458 1217 637 1266 quidem,
663 1223 707 1253 ut
738 1227 861 1253 nemo
887 1228 970 1253 non
1002 1216 1131 1263 uidet,
1163 1222 1204 1253 ct
1236 1215 1550 1266 uitiosis-simum,

138 1285 215 1323 sed
251 1284 358 1322 uitiis
399 1284 530 1322 codici
565 1284 594 1320 F
634 1284 807 1333 propriis
849 1283 932 1320 sere
962 1284 1186 1333 inmunem,
1217 1284 1253 1320 in
1294 1282 1551 1333 praefatione

140 1357 323 1390 testatur.
368 1362 450 1400 quo
482 1363 573 1389 cum
606 1352 824 1389 accederet
862 1363 1008 1388 manus
1040 1351 1256 1388 correctrix
1288 1350 1443 1387 codicis
1475 1348 1552 1386 Pa-

143 1418 320 1456 risieusis
358 1416 459 1467 (Ρῖ),
507 1418 604 1455 satis
642 1419 851 1468 prouisum
883 1424 980 1456 erat.
1038 1431 1286 1468 quamquam
1318 1430 1401 1454 non
1432 1428 1552 1465 nego,

142 1486 228 1523 aliis
259 1486 471 1524 codicibus
503 1487 731 1523 accuratius
764 1487 982 1536 exploratis
1015 1486 1096 1524 ficri
1127 1498 1251 1535 posse
1284 1492 1328 1523 ut
1359 1485 1493 1522 codici
1522 1485 1552 1521 F

139 1553 468 1603 supplementum
500 1566 585 1591 non
615 1554 747 1591 minus
780 1555 877 1591 utile
910 1555 1082 1591 accedat
1110 1566 1231 1603 quam
1264 1553 1387 1602 quale
1419 1553 1554 1590 codex

142 1619 172 1657 P
204 1616 278 1671 (Q)
310 1627 374 1658 est
403 1620 633 1659 Borbonici.
678 1627 720 1658 at
752 1622 819 1669 qui
851 1621 1065 1672 hucusque.
1096 1622 1363 1658 innotuerunt
1393 1633 1442 1657 ex
1474 1620 1554 1657 hoc

138 1698 304 1739 genere,
327 1699 399 1725 eos
423 1700 574 1737 operae
595 1688 767 1738 pretium
790 1701 873 1725 nou
897 1695 957 1726 est
981 1689 1132 1726 excuti:
1158 1688 1257 1725 Can
1275 1689 1357 1725 tab
1374 1689 1553 1736 rigicn-

137 1766 243 1792 scm
274 1754 371 1792 dico
402 1755 560 1803 collegii
583 1755 791 1793 Trinitatis
823 1769 860 1794 n.
895 1758 988 1804 442,
1020 1757 1133 1793 cuius
1168 1757 1323 1805 aliquot
1354 1756 1550 1793 lectiones

138 1833 163 1859 a
183 1821 261 1861 Th.
287 1821 418 1860 Galeo
451 1829 645 1861 enotatae
677 1824 716 1860 in
748 1824 940 1861 editionis
959 1822 1265 1861 Wetstenianae
1298 1828 1322 1860 t.
1348 1830 1382 1861 Π
1414 1835 1451 1871 p.
1470 1822 1549 1860 557

139 1901 227 1938 sqq.
268 1896 558 1941 memorantur,
605 1891 813 1928 Venetum
858 1891 1174 1929 Marcianum
1209 1903 1247 1929 n,
1282 1892 1360 1929 :393
1395 1890 1554 1927 charta-

139 1969 258 1995 ceum
288 1970 312 1994 a
351 1957 501 1996 Carolo
537 1957 854 2008 Nuernbergero
902 1965 986 1996 tam
1030 1958 1300 2008 neglegenter
1344 1957 1553 1994 conlatum

138 2035 262 2074 quam
286 2025 457 2063 editioni
478 2026 625 2064 decimi
647 2026 735 2063 libri
755 2026 890 2065 Laert.
914 2024 1260 2073 (Norimb.'1791)
1284 2025 1512 2062 adhibitum
1523 2021 1551 2072 3,

136 2090 515 2131 Monacensern
536 2105 594 2142 gr.
629 2095 708 2133 159
740 2094 1027 2144 bombycinum
1062 2106 1093 2132 s.
1124 2099 1210 2133 XIV
1240 2104 1427 2129 mancum
1458 2105 1482 2129 a
1505 2091 1550 2130 L.

260 2245 279 2279 1
305 2245 390 2278 uide
415 2245 589 2279 Analecta
614 2247 880 2289 Theophras-tea
906 2247 949 2292 (a.
979 2245 1085 2285 1858)
1112 2257 1144 2288 p.
1165 2245 1196 2279 2.

258 2303 280 2338 2
305 2315 432 2348 nempe
457 2317 490 2348 p.
509 2306 590 2344 366,
612 2306 655 2339 15
688 2307 728 2340 ἐν
754 2309 940 2349 χρονικοῖς
971 2307 1080 2349 (quod
1107 2313 1220 2338 tamen
1250 2305 1420 2337 omittitur
1448 2305 1549 2336 etiam

137 2362 170 2394 in
190 2363 217 2404 s)
240 2361 321 2403 367,
336 2364 358 2398 6
385 2373 504 2408 φησιν
527 2364 744 2409 Ἕρμιππος,
775 2365 873 2408 plura
901 2364 982 2403 3438,
997 2364 1103 2408 3—5‚
1130 2365 1281 2407 denique
1300 2362 1317 2409 ξ
1339 2364 1406 2397 118
1431 2363 1551 2402 semel,

140 2420 206 2455 119
231 2426 296 2461 ter,
323 2422 392 2456 13ss
417 2424 473 2456 bis
498 2425 621 2457 titulos
646 2425 830 2458 librorum.

256 2480 279 2515 3
302 2482 491 2515 Morellius
517 2483 602 2517 bibl.
628 2494 800 2517 manuscr.
820 2494 833 2517 1
858 2495 892 2526 p.
909 2483 978 2517 ‘259
1005 2493 1154 2525 eumque
1181 2487 1321 2515 secutus
1346 2482 1549 2514 Nueruber-

137 2549 240 2580 gerus
275 2541 322 2581 (in
358 2542 480 2583 praef.)
514 2544 609 2586 quod
637 2543 760 2575 ambos
787 2543 930 2575 codices
956 2542 1154 2574 Marcianos
1180 2541 1353 2573 ‘eiusdem
1383 2539 1550 2572 familiae'

138 2608 218 2630 esse
244 2599 377 2642 dicunt,
402 2601 607 2633 manifestus
634 2607 687 2634 est
712 2613 814 2634 error.
852 2601 1022 2633 nonnulla
1036 2600 1215 2633 Marciano
1236 2600 1306 2633 :15³3
1330 2610 1409 2632 curn
1437 2600 1453 2631 s
1475 2599 1549 2630 solo

136 2657 332 2689 communia
348 2664 428 2691 sunt
448 2664 486 2691 ut
511 2671 544 2702 p.
561 2662 592 2698 8,
609 2662 631 2691 >5
657 2663 729 2700 τὴν
748 2660 915 2693 omissum
934 2660 965 2697 t),
986 2658 1033 2692 ⁴20
1059 2658 1138 2700 οὖν,
1168 2659 1250 2690 item
1266 2657 1549 2698 cantabrigiensi

135 2720 173 2747 ut
199 2714 256 2759 64,
275 2716 318 2750 17
344 2717 469 2751 lacuna
494 2719 657 2752 codicum
674 2720 734 2751 FP
760 2719 813 2763 (ἐξ
832 2719 887 2752 ὧν
911 2718 1104 2760 intercidit)
1131 2717 1264 2750 inserto
1291 2715 1358 2760 ἀφ’
1386 2717 1431 2751 οὗ
1462 2717 1549 2748 male

138 2773 288 2817 expleta.
