1842 3250
201 749 244 782 37

252 751 268 782 1

255 1925 276 1957 (Ο

295 239 366 270 250
774 237 980 269 EPlcVRl
1010 237 1222 268 PHYSICA

296 351 388 381 ista
425 351 562 388 siunt,
603 350 818 392 quoniam
853 350 1193 392 prouidentiae
1219 349 1338 380 nihil
1366 353 1581 390 prosunt:
1625 349 1705 380 scd

296 415 438 446 omnia
464 425 538 446 sua
565 420 718 456 sponte
747 414 847 446 fieri
874 425 1059 446 necesse
1087 420 1162 447 est.
1191 414 1295 445 Vnde
1322 424 1407 454 ergo
1434 419 1624 445 nascuntur
1649 418 1707 444 aut

296 488 365 519 quo
393 477 500 508 modo
530 477 615 509 liunt
639 478 758 509 omnia
774 488 866 519 quae
885 478 1073 517 geruntur?
1099 488 1184 509 non
1211 481 1293 515 est,
1319 477 1446 519 inquit,
1471 476 1707 519 prouiden-

297 542 383 573 tiae
409 551 526 583 opuS.
558 545 658 573 sunt
680 541 790 573 enim
816 541 979 573 semina
1002 551 1076 584 per
1102 541 1232 573 inane
1259 541 1518 578 uolitantia‚
1546 541 1707 583 quibus

296 605 409 637 inter
444 615 487 636 se
523 610 686 637 temere
725 606 1013 646 conglobatis
1056 606 1264 637 uniuersa
1301 605 1542 646 gignuntur
1581 610 1708 648 atque

297 669 618 702 concrescunt’.

415 750 656 785 LAO'I'AN'HVS
690 753 800 785 cliuin.
826 752 935 785 instit.
963 759 1018 784 vn
1046 752 1079 790 5,
1109 753 1128 784 3
1171 751 1284 784 ‘sicut
1317 761 1401 792 ergo
1436 752 1605 783 mundum
1637 761 1710 783 non

297 822 441 859 propter
467 827 504 849 se
531 817 619 848 deus
647 816 741 851 feeit,
769 817 851 858 quia
878 816 1074 848 commodis
1100 816 1176 847 eius
1203 826 1274 848 non
1300 816 1449 856 indiget,
1477 816 1540 847 sed
1566 821 1710 857 propter

297 880 487 919 hominem,
514 881 575 923 qui
603 891 644 912 eo
672 882 789 918 utitur,
822 882 867 912 ita
894 882 1010 922 ipsum
1035 881 1215 913 hominem
1241 886 1386 923 propter
1411 890 1460 913 se.
1497 879 1618 922 “quae
1644 879 1709 911 uti-

297 945 378 976 litas
407 945 474 977 deo
501 946 538 976 in
562 945 734 977 homine''
760 946 875 988 inquit
894 946 1081 988 Epicurus,
1111 944 1179 978 “ut
1206 955 1284 977 eum
1310 951 1454 988 propter
1473 955 1510 976 se
1531 942 1712 976 faceret?'’

299 1009 434 1041 scilicet
460 1014 497 1041 ut
524 1014 617 1041 esset
645 1010 704 1051 qui
732 1020 840 1052 opera
868 1011 943 1042 eius
970 1010 1203 1051 intellegeret,
1231 1009 1291 1052 qui
1309 1009 1570 1052 prouidentiam
1593 1009 1711 1051 dispo-

297 1074 418 1110 nendi,
458 1073 629 1105 rationem
661 1073 824 1112 faciendi,
864 1074 1029 1106 uirtutem
1058 1073 1327 1105 consummandi
1357 1078 1390 1105 et
1416 1084 1522 1105 sensu
1549 1074 1711 1105 admirari

300 1142 333 1169 et
361 1148 448 1169 uoce
474 1138 641 1180 proloqui
667 1143 806 1180 posset:
835 1148 983 1181 quorum
1011 1139 1166 1170 omniurn
1194 1149 1326 1170 summa
1352 1138 1440 1169 haec
1459 1143 1524 1175 est,
1551 1143 1588 1169 ut
1607 1138 1711 1169 deum

300 1202 395 1233 colat
414 1226 421 1234 .
439 1227 446 1234 .
464 1229 470 1234 .
488 1227 494 1233 .
522 1201 576 1245 (7)
590 1202 711 1244 “Quid
732 1213 816 1242 ergo
826 1203 844 1212 ”
861 1203 976 1246 inquit
996 1203 1092 1234 “deo
1120 1203 1235 1235 cultus
1263 1202 1416 1234 hominis
1443 1203 1580 1234 confert
1606 1202 1711 1234 beato

302 1271 335 1297 ct
362 1265 460 1297 nulla
478 1276 512 1297 re
531 1264 730 1306 indigenti?
757 1266 812 1297 uel
843 1267 871 1297 si
898 1270 1031 1297 tantum
1056 1266 1202 1297 honoris
1229 1265 1364 1297 homini
1382 1265 1518 1303 habuit,
1545 1270 1583 1298 ut
1600 1265 1712 1307 ipsius

302 1342 426 1362 caussa
452 1330 618 1361 mnndum
646 1330 843 1369 fabricaret,
870 1336 907 1362 ut
933 1331 1121 1362 instrueret
1150 1341 1228 1362 eum
1255 1331 1440 1373 sapientia,
1467 1334 1505 1362 ut
1531 1330 1712 1362 dominum

302 1395 496 1427 uiuentium
529 1395 659 1426 faceret
692 1405 842 1437 eumque
876 1394 1040 1435 diligeret
1072 1402 1248 1436 tamquam
1278 1394 1399 1432 filium,
1439 1405 1500 1426 cur
1530 1394 1712 1426 mortalem

304 1459 533 1501 fragilemque
560 1458 765 1490 constituit?
807 1469 868 1490 cur
899 1459 1062 1490 omnibus
1089 1459 1192 1490 malis
1217 1469 1323 1501 quem
1357 1458 1530 1499 diligebat
1561 1458 1714 1491 obiecit?

304 1534 381 1554 cum
418 1528 597 1565 oporteret
632 1528 665 1555 ct·
701 1523 843 1555 beatum
880 1533 957 1554 esse
992 1523 1173 1554 hominem
1207 1528 1383 1566 tamquam
1419 1523 1644 1555 coniunctum
1680 1527 1713 1554 et

304 1588 498 1629 proximum
525 1587 606 1626 deo,
634 1592 667 1619 et
693 1593 913 1630 perpetuum,
948 1587 1036 1618 sicut
1066 1591 1119 1617 est
1144 1587 1234 1629 ipse,
1261 1587 1305 1618 ad
1331 1597 1436 1628 quem
1463 1587 1653 1619 colendum
1680 1594 1714 1619 et

302 1652 612 1694 contemplandum
638 1651 805 1692 figuratus
834 1650 943 1683 est'“’.

301 1716 344 1747 cf.
365 1716 457 1748 idern
476 1716 563 1747 ibid.
584 1723 636 1748 vn
656 1716 688 1752 3,
711 1717 752 1748 13
780 1715 907 1747 ‘Stoici
936 1715 1171 1747 “hominum’'
1197 1716 1361 1758 inquiunt
1386 1715 1538 1747 “caussa
1562 1717 1714 1749 mundus

302 1780 448 1811 effectus
475 1778 564 1812 est‘'.
609 1780 727 1812 audio.
769 1780 832 1811 sed
858 1780 1032 1822 Epicurus
1067 1779 1217 1820 ignorat,
1256 1780 1354 1821 ipsos
1388 1779 1551 1812 homines
1583 1791 1652 1823 qua
1677 1791 1713 1812 re

300 1851 357 1875 aut
384 1844 464 1886 quis
491 1842 676 1876 effecerit'.

1740 952 1768 974 10

1740 1272 1769 1297 15

1737 1592 1770 1617 ⁴20

421 1922 661 1957 LACTANTIVS
695 1924 739 1956 de
767 1923 911 1967 opificio
939 1924 997 1955 dei
1023 1924 1056 1962 2,
1087 1923 1130 1956 10
1172 1923 1282 1955 ‘unde
1318 1935 1384 1965 ego
1414 1924 1713 1968 philosophorum
1737 1933 1771 1958 ‘25

301 1991 361 2032 qui
390 1989 582 2031 Epicurum
617 1995 784 2020 secuntur
818 1990 1004 2021 amentiam
1038 1990 1140 2021 soleo
1174 1989 1301 2028 mirari,
1342 1991 1400 2031 qui
1435 1995 1578 2022 naturae
1607 2001 1716 2033 opera

302 2053 578 2096 reprehendunt,
605 2060 643 2086 ut
669 2055 860 2086 ostendant
884 2054 984 2086 nulla
1004 2054 1230 2097 prouidentia
1257 2055 1463 2087 instructum
1482 2064 1561 2086 esse
1580 2065 1618 2086 ac
1640 2056 1713 2095 regi

302 2119 482 2157 mundum,
527 2119 591 2151 sed
623 2119 795 2159 originem
831 2130 944 2151 rerum
980 2118 1236 2151 insecabilibus
1271 2130 1310 2151 ac
1345 2118 1471 2151 solidis
1506 2120 1714 2161 corporibus

304 2184 501 2224 adsignant,
528 2194 677 2225 quorum
697 2183 850 2215 fortuitis
869 2183 1165 2215 concursionibus
1184 2184 1348 2215 uniuersa
1367 2188 1555 2215 nascantur
1577 2189 1611 2215 et
1635 2188 1714 2216 nata

304 2249 382 2279 sint.
409 2253 591 2290 praetereo
619 2258 709 2289 quae
736 2249 779 2279 ad
807 2249 921 2291 ipsum
943 2248 1111 2280 mundum
1130 2249 1341 2290 pertinentia
1358 2248 1447 2280 uitio
1467 2248 1561 2286 dant,
1588 2248 1624 2280 in
1643 2259 1714 2291 quo

303 2312 452 2344 ridicule
477 2312 667 2344 insaniunt.
698 2312 734 2343 id
764 2299 876 2350 sumo,
904 2312 999 2354 quod
1028 2312 1071 2343 ad
1098 2322 1169 2344 rem
1195 2313 1239 2343 de
1265 2323 1333 2355 qua
1360 2323 1452 2344 nunc
1479 2312 1613 2353 agimus
1639 2322 1715 2355 per-

303 2376 401 2409 tinet.
440 2375 487 2418 (c.
505 2375 542 2416 3)
570 2377 772 2418 Queruntur
798 2375 977 2408 hominem
1001 2375 1105 2407 nimis
1132 2365 1342 2408 inbecillum
1370 2381 1403 2408 et
1431 2376 1591 2418 fragilem
1617 2376 1714 2408 nasci

423 2529 445 2563 6
470 2530 585 2573 pergit
611 2531 652 2562 fr.
671 2529 738 2563 287
783 2530 798 2573 ΙΙ
839 2531 861 2564 9
888 2531 934 2563 cf.
953 2531 1056 2562 Lucr.
1074 2538 1100 2562 V
1125 2530 1311 2564 165-176
1358 2530 1363 2572 ἱ
1414 2530 1456 2564 18
1482 2531 1526 2562 cf.
1554 2531 1594 2563 fr.
1614 2530 1682 2563 372
1712 2532 1717 2574 1

304 2588 349 2621 23
377 2588 460 2620 uide
486 2589 588 2621 Lucr.
613 2597 640 2621 v
670 2589 858 2623 156--194
911 2590 916 2630 1
971 2589 1018 2622 24
1046 2589 1228 2630 subiungit
1254 2590 1395 2622 Lucreti
1420 2589 1662 2622 testimonium
1688 2597 1714 2622 V

307 2647 375 2680 156
393 2658 444 2689 sq.
474 2653 506 2679 et
535 2648 672 2680 165—-7
715 2646 732 2692 Η
780 2648 824 2681 25
852 2649 1008 2680 breuiter
1034 2648 1127 2680 hunc
1153 2648 1270 2680 locum
1298 2649 1484 2680 Lucretius
1510 2649 1715 2691 perstringit

304 2714 330 2738 v
353 2706 550 2744 195—-234‚
578 2708 676 2738 cuius
695 2708 900 2739 Lactantius
929 2707 994 2739 etsi
1021 2717 1154 2738 memor
1179 2712 1242 2745 est,
1268 2711 1383 2739 tamen
1402 2707 1473 2739 alio
1492 2706 1716 2750 potissimum

307 2765 404 2798 sonte
431 2776 515 2797 usus
544 2773 606 2805 est,
635 2767 785 2798 fortasse
813 2767 983 2798 Varronis
1010 2766 1199 2798 Tuberone

1740 2255 1772 2279 30
