1842 3250
75 514 143 549 192

616 224 821 255 EPJCVRI
856 224 1130 256 EPISTVLAE
1513 222 1579 256 159

214 423 282 454 DE
305 422 581 454 DISCIPVLIS
609 423 811 454 EPICVRI

289 514 440 549 SENECA
464 516 566 558 epist.
593 516 650 554 52,
669 517 688 548 3
713 515 915 558 'Quosdam
943 517 991 549 ait
1017 517 1192 559 Epicurus
1220 517 1263 549 nd
1290 517 1475 548 ueritatem
1503 516 1580 547 sine

168 580 279 612 ullius
306 580 484 613 adiutorio
512 581 640 618 exisse,
668 581 795 612 secisse
823 581 893 613 sibi
920 582 1019 624 ipsos
1048 582 1152 614 uiam.
1180 581 1247 613 hos
1270 581 1420 612 maxime
1447 580 1581 622 laudat,

169 645 299 687 quibus
326 656 367 677 ex
395 656 433 676 se
459 645 600 687 inpetus
630 646 707 688 suit,
742 647 802 688 qui
837 657 873 678 sc
905 647 972 688 ipsi
1001 646 1236 688 protulerunt.
1291 645 1465 687 quosdam
1492 645 1582 677 indi-

129 722 144 747 ς,
168 719 252 750 gere
279 720 348 752 ope
374 709 501 747 aliena,
538 721 610 742 non
639 709 763 747 ituros,
801 710 829 741 si
857 720 960 742 nemo
988 710 1236 752 praecesserit,
1272 711 1335 742 sed
1362 710 1456 742 bene
1484 720 1582 741 secu-

116 1045 145 1067 10

114 1300 145 1324 14

76 1378 144 1412 193

78 1460 145 1493 194

113 1724 146 1749 ‘20

168 780 284 806 turos:
327 784 370 805 cx
395 774 451 805 his
476 775 721 806 Metrodorum
752 774 799 805 ait
827 785 916 807 esse,
958 775 1138 815 egregium
1166 774 1235 806 hoc
1261 784 1404 817 quoque
1438 774 1502 806 sed
1529 784 1582 805 se-

168 837 305 870 eundae
332 839 438 869 sortis
465 837 645 879 ingenium
679 863 686 870 .
709 862 717 870 .
737 864 743 870 .
767 864 772 869 .
793 863 800 870 .
852 843 993 881 praeter
1022 839 1107 870 baec
1135 839 1250 869 adhuc
1279 838 1442 870 inuenies
1470 848 1582 877 genus

170 903 268 935 aliud
299 903 481 935 hominum
510 913 553 934 ne
582 903 698 945 ipsum
732 902 874 945 quidem
906 902 1157 934 fastidiendum
1189 913 1309 934 eorum
1340 902 1400 944 qui
1428 902 1509 942 cogi
1538 900 1581 933 ad

169 972 302 1000 rectum
329 967 557 1010 conpellique
583 974 747 1009 possunt,
780 967 910 1009 quibus
939 978 1009 998 non
1035 967 1125 998 duce
1152 972 1285 999 tanturn
1311 977 1402 1009 opus
1428 967 1485 1004 sit,
1519 966 1581 998 sed

170 1033 332 1064 adiutore
358 1037 393 1064 et
417 1037 456 1064 ut
484 1031 534 1063 ita
556 1031 672 1063 dicam
698 1036 873 1063 coactore.
914 1031 969 1062 hic
998 1031 1121 1063 tertius
1148 1031 1250 1062 color
1278 1036 1342 1062 cst.
1385 1031 1414 1061 si
1441 1030 1581 1073 quaeris

169 1096 275 1128 huius
302 1096 493 1138 exemplar,
519 1095 777 1127 Hermarchum
805 1095 852 1127 ait
877 1095 1054 1137 Epicurus
1083 1095 1188 1127 talem
1219 1094 1341 1126 fuisse.
1388 1094 1507 1136 itaque
1535 1094 1583 1124 al-

169 1161 235 1193 teri
261 1161 373 1202 magis
399 1160 606 1202 gratulatur,
633 1159 783 1192 alterum
810 1161 922 1200 magis
950 1160 1110 1202 suspicit.
1143 1159 1304 1202 quamuis
1324 1158 1416 1190 enim
1438 1158 1481 1189 ad
1500 1168 1583 1189 eun-

170 1226 250 1257 dem
275 1224 380 1257 finem
406 1229 554 1267 uterque
580 1224 795 1267 peruenerit,
829 1230 946 1256 tamen
974 1224 1086 1255 maior
1114 1230 1165 1255 est
1192 1223 1269 1255 laus
1297 1223 1392 1255 idem
1421 1223 1583 1254 effecisse

169 1290 206 1322 in
232 1289 438 1323 difficiliore
461 1288 637 1321 materia’.

289 1369 543 1404 PLVTARCHVS
569 1375 691 1403 contra
714 1370 814 1412 Epic.
840 1369 1010 1402 beatitud.
1038 1369 1083 1401 22
1102 1381 1135 1412 p.
1158 1369 1280 1402 11032:
1307 1379 1412 1412 supra
1430 1380 1464 1412 p.
1479 1369 1584 1407 93,1.

288 1451 544 1486 ΡῐΝτΑιιεἩνε
564 1452 643 1486 adu.
663 1452 816 1484 Coloten
837 1452 881 1485 33
903 1463 935 1494 p.
957 1452 1062 1484 11261·
1090 1450 1150 1485 καί
1169 1462 1227 1484 τοι
1247 1451 1303 1484 ὅτι
1322 1450 1583 1494 Μητρόδωρος

170 1515 221 1558 εἰς
238 1516 398 1560 Πειραιᾶ
424 1517 561 1560 κατέβη
589 1516 767 1556 σταδίους
792 1516 1089 1559 τεσσαράκοντα,
1118 1514 1242 1558 Μιθρῇ
1270 1525 1342 1548 τινι
1369 1515 1477 1559 Σύρῳ
1504 1517 1582 1548 τῶν

169 1583 371 1625 βασιλικῶν
406 1582 690 1626 συνειλημμένῳ
727 1580 940 1624 βοηθήσων,
979 1582 1074 1623 πρὸς
1109 1580 1254 1621 πάντας
1294 1575 1484 1623 ἐγράφετο
1519 1579 1580 1612 καὶ

170 1646 350 1692 (πάσας),
388 1647 526 1687 πάσαις
561 1647 774 1687 ἐπιστολαῖς
801 1648 1154 1688 μεγαληγοροῦντος
1179 1645 1400 1687 Ἐπικούρου
1435 1645 1495 1678 καί
1523 1652 1582 1678 σε-

169 1711 378 1753 μνύνοντος
404 1711 551 1755 ἐκείνην
576 1712 647 1753 τὴν
674 1711 776 1745 ὁδόν.

169 1777 217 1811 id.
251 1782 374 1810 contra
401 1777 548 1821 Epicuri
575 1777 832 1809 beatitudinem
868 1776 911 1810 15
938 1774 1101 1819 p.1097b
1153 1774 1234 1815 οἵας
1269 1773 1401 1815 φωνὰς
1435 1773 1585 1815 ἀφῆκεν

169 1840 398 1886 Ἐπίκουρος,
437 1840 498 1876 οἷα
525 1842 565 1876 δὲ
592 1841 793 1885 γράμματα
819 1843 896 1881 τοῖς
923 1839 1047 1883 φίλοις
1086 1840 1253 1881 ἔπεμψεν
1280 1839 1410 1880 ὑμνῶν
1437 1838 1497 1871 καὶ
1524 1848 1584 1879 με·

169 1906 346 1948 γαλύνων
372 1905 649 1949 Μητρόδωρον,
689 1906 748 1947 ὡς
788 1906 835 1940 εὖ
873 1916 914 1939 τε
957 1906 1031 1939 καὶ
1070 1906 1296 1944 νεανικῶς
1329 1904 1373 1937 ἐξ
1409 1904 1585 1944 ἄστεως

170 1969 309 2005 ἅλαδε
337 1970 508 2012 κατέβη
535 1969 684 2013 Μιθρῇ
713 1972 775 2013 τῷ
803 1970 929 2013 Σύρῳ
957 1969 1219 2012 βοηθήσων,
1256 1969 1466 2002 καὶταῦτα
1492 1967 1585 2011 πρά·

114 2047 130 2062 0
171 2037 304 2077 ξαντος
329 2035 442 2069 οὐθὲν
467 2035 556 2069 τότε
582 2038 652 2069 τοῦ
679 2034 954 2078 Μητροδώρου.

284 2150 416 2159 .....
448 2117 518 2158 διὰ
548 2117 598 2158 τὸ
631 2117 778 2166 μ[η]δὲ
808 2116 885 2157 τὸν
909 2113 1151 2165 Εὔδ[ημ]ον
1181 2114 1342 2165 ἱκανῶς
1374 2113 1585 2164 ἐνδελεχί-

171 2193 258 2233 ζειν
281 2190 328 2232 ἐν
349 2189 664 2242 φιλ[οσο]φίαι,
696 2188 806 2231 καθά
836 2202 916 2240 περ
947 2188 1045 2238 ἡμῖν
1072 2187 1221 2236 ἔλεγεν
1246 2188 1355 2237 hdo&
1378 2187 1517 2239 Μ[ῡ]ς
1548 2204 1584 2227 οε.

173 2263 429 2298 PHILODEMVS
454 2273 642 2307 πραγματ.
671 2263 761 2295 VH'-¹
787 2269 800 2295 1
831 2262 909 2300 119,
937 2263 969 2294 4.

296 2458 337 2492 17
365 2459 408 2492 cf.
428 2459 468 2492 fr.
488 2459 555 2492 148
570 2469 646 2501 sqq.
674 2463 710 2490 et
732 2458 813 2491 adn.
833 2458 877 2489 ad
895 2468 929 2500 p.
950 2456 1027 2494 144,
1043 2456 1092 2489 27
1131 2455 1136 2497 Ι
1179 2455 1221 2488 18
1248 2453 1391 2497 ἔγραφέ
1416 2464 1458 2488 τε
1484 2455 1583 2486 libri:

171 2529 260 2551 corr.
285 2518 462 2550 Reiskius
500 2517 506 2561 Ι
548 2517 590 2550 19
616 2516 740 2557 πάσας
765 2517 899 2549 inserui
937 2515 943 2557 l
983 2516 1026 2547 23
1054 2514 1105 2554 ὡς
1132 2541 1139 2547 .
1161 2541 1166 2546 .
1189 2539 1194 2546 .
1224 2514 1369 2554 ἄστεως
1394 2514 1587 2545 trimetrum

172 2577 380 2610 comoediae
416 2576 657 2619 adsumpsisse
691 2575 904 2607 Plutarchus
940 2575 1080 2606 uidetur
1137 2573 1142 2615 ᾗ
1204 2573 1246 2605 24
1281 2572 1396 2606 ἅλαδε
1423 2573 1588 2614 'Wytten—

174 2636 338 2668 bachius:
367 2635 458 2668 ἀλλὰ
485 2635 571 2667 libri
600 2633 607 2679 1
643 2634 782 2677 συνέβη
809 2634 909 2666 libri:
939 2644 1027 2665 corr.
1054 2631 1244 2674 Xylander
1278 2628 1283 2674 1
1319 2629 1438 2673 μίθρῳ
1466 2630 1549 2661 libri

174 2695 219 2728 26
238 2695 361 2737 nequit
381 2694 450 2726 nisi
469 2693 642 2737 epistulae
658 2694 854 2736 Epicureae
874 2693 1106 2731 fragmentum
1126 2700 1204 2722 esse
1226 2690 1233 2733 1
1255 2700 1385 2722 nomen
1405 2689 1586 2731 proprium

174 2753 327 2786 restituit
353 2753 568 2796 Spengelius
596 2752 730 2787 Philol.
758 2751 874 2795 suppl.
902 2758 929 2783 11
956 2762 989 2793 1>-
1011 2751 1088 2783 531.
1131 2749 1173 2781 cs.
1202 2759 1308 2791 supra
1333 2759 1368 2791 p.
1390 2748 1504 2786 135,1
