1842 3250
71 358 137 390 172

122 621 137 646 5

106 944 117 966 1
122 942 137 965 0

62 1209 151 1243 173*

106 1282 136 1307 15

104 1647 137 1672 ‘20

102 1965 136 1989 25

67 2301 134 2333 174

608 239 813 272 EPICVRI
848 239 1129 272 EPISTVLAE
1510 240 1576 273 153

279 353 518 388 A'rnssNAitvs
544 361 616 387 vm
641 365 674 397 p.
695 354 783 387 3540
820 354 860 388 ἑν
885 355 925 388 δὲ
951 357 999 398 τῇ
1029 354 1125 398 αὐτῇ
1153 354 1332 397 ἐπιστολῇ
1362 354 1382 388 ὸ
1409 353 1576 388 Ἐπίκου-

161 427 227 460 ρος
254 417 314 451 καὶ
341 415 667 460 Πρωταγόραν
693 417 787 459 φησί
814 417 894 450 τὸν
922 417 1159 460 σοφιστὴν
1186 417 1233 452 ὲκ
1260 419 1574 462 φορμοφόρου

160 481 237 514 καὶ
274 480 539 524 ξυλοφόρου
580 483 766 524 πρῶτον
805 481 888 521 μὲν
928 481 1148 523 γενέσθαι
1187 483 1371 525 γραφέα
1413 483 1575 526 Δημο-

161 544 338 588 κρίτου·
384 545 708 586 θαυμασθέντα
735 545 818 588 γὰρ
846 545 920 579 ὑπ’
950 546 1132 581 ἐκείνου
1160 547 1232 581 ἐπὶ
1261 547 1405 582 Ξύλων
1436 550 1575 582 τινῶν

163 609 254 654 ἰδίᾳ
291 610 509 644 συνθέσει
544 609 631 644 ἀπὸ
665 609 840 653 ταύτης
865 610 1117 654 τῆςάρχῆς
1145 611 1475 654 ἀναληφθῆναι
1502 612 1575 646 ὑπ’

161 674 321 717 αὐτοῦ,
360 675 433 708 καὶ
469 673 708 708 διδάσκειν
738 673 782 708 ἑν
812 675 936 718 κώμῃ
971 675 1063 708 τινὶ
1104 676 1362 719 γράμματα·
1404 676 1481 719 ἀφ’
1512 676 1575 711 ὧν

161 738 233 773 ἐπὶ
258 738 308 772 τὸ
335 731 640 780 σοφιστεύειν
666 738 875 781 ὁρμῆσαι.

160 802 353 837 LAnRTlvs
380 802 489 837 D10G.
518 812 543 836 x
564 803 586 837 8
611 804 917 846 φορμοφόρον
943 814 984 837 τε
1003 803 1267 848 Πρωταγόραν
1294 807 1365 839 καὶ
1392 806 1574 848 γραφέα

161 867 459 911 Δημοκρίτου
487 868 557 902 καὶ
586 868 632 902 ἐν
659 868 830 908 κώμαις
857 868 1094 910 γράμματα
1123 869 1371 904 διδάσκειν.

161 930 353 966 Lfflmvs
380 932 489 967 DIOG.
516 941 557 965 lx
586 932 630 966 53
658 934 717 967 καὶ
745 935 897 975 πρῶτος
924 932 1214 977 (Πρωταγόρας)
1242 935 1312 976 τὴν
1340 934 1576 977 καλουμένην

159 997 278 1040 τύλην
314 995 373 1039 ἐφ’
403 995 448 1038 ἧς
482 997 529 1031 τὰ
555 995 695 1040 φορτία
731 998 981 1038 βαστάζουσιν
1018 996 1125 1039 εὗρεν
1154 1025 1157 1028 ⁴
1182 1024 1187 1030 .
1211 1024 1243 1029 ..
1271 997 1576 1039 φορμοφόρος

159 1061 231 1104 γὰρ
265 1061 322 1103 ἦν,
363 1061 414 1102 ὠς
446 1062 507 1095 καὶ
541 1060 758 1104 Ἐπίκουρός
790 1062 864 1095 πού
900 1070 1013 1103 φησι·
1058 1062 1117 1095 καὶ
1151 1064 1291 1095 τοῦτον
1327 1062 1393 1095 τὸν
1430 1062 1575 1104 τρόπον

159 1126 256 1168 ἤρθη
281 1125 374 1168 πρὸς
401 1125 656 1169 Δημοκρίτου,
684 1126 772 1159 Ξύλα
801 1126 962 1166 δεδεκὼς
990 1125 1129 1168 ὀφθείς.

280 1207 442 1242 RHETOR
468 1215 655 1242 INCERTYS
679 1210 714 1240 in
742 1209 899 1240 Crameri
927 1209 1050 1241 anecd.
1078 1210 1191 1240 Paris.
1219 1214 1242 1240 t.
1265 1216 1275 1240 1
1302 1220 1337 1251 p.
1362 1210 1438 1246 171,
1459 1209 1499 1241 31
1522 1219 1574 1250 sq.

160 1272 243 1307 Ὅτι
271 1272 311 1307 ἐν
336 1275 391 1316 τῷ
418 1273 711 1316 ἐπιγραφομένῳ
731 1272 895 1316 Μεγάλῳ
921 1274 1023 1316 λόγῳ
1051 1275 1070 1306 ὁ
1091 1272 1351 1315 Πρωταγόρας
1377 1274 1457 1307 εἶπε
1485 1273 1574 1315 (φύ-

161 1339 344 1379 σεως-καὶ
371 1336 568 1380 ἀσκήσεως
595 1337 814 1372 διδασκαλία
841 1339 976 1371 δεῖται·
1012 1339 1071 1371 καὶ
1101 1338 1175 1371 ἀπὸ
1205 1339 1388 1380 νεότητος
1407 1338 1446 1372 δὲ
1466 1337 1574 1380 ἀρξα-

161 1402 297 1444 μένους
323 1403 378 1436 δεῑ
404 1402 634 1444 μανθάνεινῖ
679 1403 748 1436 οὐκ
776 1403 820 1435 ἂν
849 1403 888 1436 δὲ
917 1404 1021 1443 ἔλεγε
1051 1406 1176 1444 τουτο,
1206 1403 1238 1436 ει
1265 1403 1379 1443 αὐτὸς
1406 1402 1574 1445 ὀψιμα-

160 1467 240 1509 θὴς
268 1467 326 1510 ἦν,
355 1467 406 1508 ὡς
433 1467 579 1509 ἐνόμιζε
606 1468 667 1501 καὶ
694 1468 821 1508 ἔλεγεν
850 1467 1065 1509 Ἐπίκουρος
1092 1468 1176 1510 περὶ
1206 1467 1481 1510 Πρωταγόρου.

517 1556 559 1588 31
604 1556 850 1587 EPISTVLA
876 1556 943 1587 DE
970 1555 1212 1588 STILPONE

282 1635 433 1670 SENECA
453 1637 554 1680 epist.
574 1637 608 1675 9,
626 1636 668 1669 18
695 1636 818 1668 ‘omne
846 1637 936 1668 intra
963 1647 1000 1667 se
1028 1637 1161 1668 bonum
1187 1636 1392 1670 terminabit
1419 1641 1453 1667 et
1480 1636 1575 1667 dicet

158 1702 253 1745 quod
281 1701 423 1744 Stilpon
450 1701 514 1733 ille
541 1701 640 1739 dixit,
680 1700 854 1746 [Stilpon]
880 1712 983 1743 quem
1011 1701 1157 1743 Epicuri
1184 1701 1338 1743 epistula
1362 1701 1573 1742 insequitur.

157 1767 217 1799 hic
244 1766 337 1799 enim
365 1770 467 1810 capta
492 1766 618 1809 patria,
647 1767 786 1798 amissis
815 1766 953 1803 liberis,
988 1766 1118 1797 amissa
1144 1776 1252 1797 uxore
1279 1776 1356 1797 cum
1384 1775 1426 1796 ex
1452 1766 1572 1797 incen-

161 1832 222 1863 dio
249 1831 397 1875 publico
430 1831 530 1863 solus
568 1837 602 1862 et
638 1836 754 1863 tamen
789 1831 915 1862 beatus
950 1831 1071 1868 exiret,
1115 1830 1350 1870 interroganti
1377 1830 1573 1867 Demetrio,

160 1895 218 1928 cui
253 1905 454 1936 cognomen
485 1896 529 1927 ab
564 1896 672 1927 exitio
711 1896 852 1927 urbium
879 1896 1103 1927 Poliorcetes
1138 1895 1214 1932 suit,
1255 1894 1426 1936 numquid
1459 1894 1576 1936 perdi-

160 1961 271 1992 disset
296 1959 480 1992 “Omnia‘'
506 1960 622 2003 inquit
647 1959 771 1991 “bona
804 1970 882 1991 mea
915 1970 1051 1991 mecum
1088 1959 1195 1991 sunt⁷'
1225 1984 1344 1992 .....
1375 1959 1477 1990 Haec
1505 1969 1575 1989 uox

157 2025 214 2057 illi
240 2025 436 2056 communis
466 2029 520 2056 est
545 2035 623 2056 cum
651 2025 791 2056 Stoico:
833 2034 945 2067 aeque
974 2030 1007 2056 et
1033 2024 1091 2055 hic
1117 2024 1245 2055 intacta
1282 2024 1377 2054 bona
1403 2034 1466 2065 per
1493 2034 1574 2054 con-

159 2095 330 2122 crematas
352 2090 459 2121 urbes
479 2090 555 2122 sert.
583 2101 621 2121 se
649 2090 741 2121 enim
761 2089 840 2132 ipso
861 2094 1048 2121 contentus
1069 2093 1132 2129 est,
1160 2088 1228 2121 hoc
1248 2088 1457 2120 felicitatem
1476 2098 1575 2119 suam

157 2155 226 2186 fine
245 2155 418 2196 designat.
452 2154 508 2186 Ne
529 2154 708 2186 existimes
728 2165 794 2186 nos
817 2154 916 2185 solos
939 2163 1114 2194 generosa
1134 2153 1242 2185 uerba
1262 2153 1409 2185 iactare:
1440 2158 1474 2184 et
1496 2152 1573 2194 ipse

159 2219 334 2261 Stilponis
362 2219 569 2259 obiurgator
591 2219 767 2261 Epicurus
794 2218 944 2250 similem
970 2218 1023 2249 illi
1046 2227 1173 2249 uocem
1199 2217 1331 2249 emisit'
1355 2215 1400 2260 [u.
1423 2217 1463 2248 fr.
1480 2214 1574 2258 ethffl.

279 2298 430 2333 SENECA
452 2300 554 2343 epist.
574 2300 641 2343 9‚1
669 2299 748 2332 ‘An
774 2300 900 2331 merito
929 2299 1228 2342 reprehendat
1255 2299 1290 2331 in
1318 2299 1471 2341 quadam
1503 2299 1575 2341 epi-

159 2365 447 2407 stulaEpicurus
474 2375 568 2402 eos,
595 2365 669 2407 qui
697 2365 849 2396 dicunt
876 2364 1123 2406 sapientem
1150 2373 1195 2395 se
1220 2363 1316 2406 ipso
1345 2373 1443 2395 esse
1472 2374 1574 2395 con-

284 2479 294 2510 l
329 2480 506 2511 antecedit
535 2480 576 2511 fr.
600 2479 664 2511 171
691 2480 696 2521 Ι
719 2480 763 2512 cf.
792 2479 931 2511 Gellius
959 2486 983 2510 v
1012 2479 1032 2511 3
1060 2478 1188 2511 Suidas
1217 2489 1249 2511 u.
1276 2477 1538 2521 Πρωταγόρας
1573 2475 1577 2521 Ῑ

160 2539 182 2572 4
207 2537 296 2583 γὰρ]
324 2539 365 2573 δὲ
390 2538 475 2571 libri
535 2539 540 2581 1
603 2538 644 2571 13
674 2538 916 2582 Δημόκριτον
946 2538 1056 2578 uolgo
1096 2538 1100 2579 ξ
1141 2537 1317 2578 δεδωκὼς
1343 2537 1443 2569 libri:
1484 2547 1575 2569 corr.

159 2597 392 2629 Casaubonus
442 2596 457 2639 ss
513 2597 556 2629 17
584 2597 661 2630 δεῖν
686 2597 788 2630 libri:
820 2606 909 2629 corr.
938 2597 1153 2639 Bernaysius
1180 2597 1215 2628 in
1243 2597 1406 2639 exemplo
1434 2595 1576 2638 byblio-

158 2655 284 2688 thecae
309 2656 513 2688 Bonnensis
547 2655 562 2699 ΙΙ
597 2656 638 2689 21
670 2661 705 2688 et
729 2656 821 2688 infra
847 2657 987 2687 Stilbon
1014 2655 1110 2688 libri.
1147 2656 1309 2687 iteratum
1336 2655 1408 2687 del.
1434 2656 1575 2686 Bonne—

160 2721 216 2748 tus
256 2714 262 2757 Ι
300 2715 345 2748 22
373 2726 450 2758 sqq.
477 2715 522 2748 cf.
550 2717 667 2749 Laert.
687 2716 843 2756 Diog.11
867 2716 930 2747 115
958 2714 1081 2756 ibique
1108 2715 1296 2754 Menagius
1336 2715 1341 2755 Ι
1380 2714 1427 2746 24
1456 2724 1574 2746 nonne

159 2775 204 2806 ab
228 2773 392 2807 excidio?
430 2774 435 2816 Ι
475 2773 520 2806 27
546 2775 612 2806 hoc
633 2785 654 2818 p
683 2775 749 2807 lzoc
775 2776 869 2806 enim
896 2774 934 2805 M
966 2771 982 2818 Η
1016 2773 1063 2806 30
1090 2772 1260 2818 epistula]
1291 2773 1335 2805 cf.
1355 2783 1460 2816 supra
1477 2783 1510 2805 u.
1526 2772 1572 2806 21
