1846 3288
290 277 456 310 LXXV}
846 275 1139 308 PRAEFATIO

292 393 416 431 nasiis
448 393 658 431 eradicata
689 398 813 440 atque
845 402 1062 440 conpressa
1100 397 1204 442 sunt,
1250 392 1307 428 ita
1344 397 1387 428 ut
1418 390 1452 428 si
1482 403 1562 441 qua
1591 402 1701 429 nunc

296 460 436 498 erroris
482 466 597 497 secta
641 464 782 496 contra
826 457 1043 495 ueritatem
1083 457 1161 496 hoc
1204 464 1266 495 est
1304 463 1447 494 contra
1485 458 1699 496 ecclesiam

294 526 442 565 Christi
472 525 691 571 emerserit,
724 525 796 562 nisi
829 525 995 561 nomine
1025 531 1221 573 cooperta
1256 523 1486 562 Christiano
1518 525 1572 562 ad
1602 537 1700 574 pug-

292 593 477 637 nandum
521 592 704 642 prosilire
750 603 834 628 non
878 589 1050 629 audeat'
1102 592 1338 641 ibidemque
1377 603 1412 630 e.
1446 593 1495 630 12
1534 604 1572 641 p.
1597 587 1700 631 333⁶

289 655 401 696 ‘uide
432 666 553 708 atque
586 658 785 702 ausculta,
818 664 951 695 utrum
982 658 1126 708 aliquis
1158 659 1359 696 aduersus
1382 670 1458 695 nos
1480 659 1532 695 de
1550 658 1699 697 Anaxi-

291 738 413 763 mene
449 732 492 762 et
525 726 577 762 de
609 725 857 774 Anaxagora
895 724 1077 773 proferat
1115 725 1268 774 aliquid
1337 726 1505 774 quando
1537 725 1615 762 iam
1647 738 1700 763 ne

292 792 472 842 ipsorum
509 793 677 841 quidem
719 793 843 829 multo
882 792 1152 829 recentiorum
1183 792 1435 840 multumque
1470 793 1701 841 loquacium

295 859 523 897 Stoicorum
563 866 633 897 aut
666 859 956 908 Epicureorum
997 859 1152 897 cineres
1192 860 1366 903 caleant,
1414 859 1524 897 uncle
1565 859 1701 909 aliqua

294 933 438 964 contra
472 926 596 964 fidem
627 926 900 964 Christianam
934 927 1104 964 scintilla
1136 917 1370 965 excitetur'.

406 993 556 1032 Videre
589 994 679 1032 licet
700 1006 820 1043 quam
850 999 959 1033 arcta
986 994 1287 1032 necessitudine
1305 994 1531 1043 Epicureae
1561 1000 1701 1034 sectae

293 1062 578 1112 ecclesiaeque
602 1061 856 1100 Christianae
887 1062 970 1099 fata
1002 1062 1140 1100 iuncta
1163 1061 1323 1099 fuerint.
1356 1062 1555 1100 ecclesiae
1577 1074 1700 1111 quam

293 1127 363 1165 diu
395 1129 651 1166 militandum
683 1135 780 1177 erat,
818 1128 959 1166 hostes
995 1129 1245 1167 infestissimi
1279 1128 1469 1178 Epicurei
1505 1134 1546 1166 et
1584 1134 1701 1166 erant

293 1201 333 1233 et
364 1196 703 1234 existimabantur
730 1196 908 1245 odioque
937 1197 1003 1234 illo
1035 1197 1147 1245 quod
1171 1196 1280 1233 Celsi
1306 1189 1438 1234 ‘Vera
1469 1193 1566 1234 uox‘
1601 1208 1700 1234 con-

292 1263 491 1301 citauerat
522 1263 815 1302 lacerabantur.
857 1270 1078 1313 postquam
1109 1264 1259 1302 eadem
1281 1263 1423 1301 uictrix
1447 1263 1627 1300 decessit
1656 1268 1700 1301 et

293 1330 582 1379 imperatorum
614 1330 732 1368 iussis
770 1336 954 1380 protecta
987 1337 1058 1376 est,
1104 1337 1214 1368 secta
1244 1330 1409 1380 Epicuri
1440 1329 1621 1368 concidit
1652 1341 1702 1367 ac

292 1397 457 1445 defecit,
491 1398 555 1435 uel
588 1399 624 1435 ei
653 1399 874 1447 desperata
908 1399 975 1447 qui
998 1398 1149 1436 uindex
1172 1404 1355 1435 ueterum
1378 1397 1551 1435 deorum
1573 1403 1701 1434 retor-

294 1476 420 1514 quere
453 1476 614 1502 cursum
646 1477 778 1502 rerum
810 1465 955 1504 frustra
983 1466 1097 1503 nisus
1128 1471 1202 1503 est.

408 1597 502 1635 Dixi
529 1597 612 1635 fere
644 1610 751 1647 quae
783 1598 1011 1648 praefanda
1043 1598 1138 1636 mihi
1166 1603 1296 1637 eraut.
1341 1609 1434 1635 nam
1458 1602 1593 1635 cetera
1617 1607 1698 1646 quo

292 1665 477 1715 quidque
519 1665 686 1703 consilio
726 1665 970 1704 instituerim
1004 1666 1234 1715 singillatim
1271 1665 1420 1703 referre
1457 1677 1521 1702 me
1564 1675 1699 1714 neque

293 1733 416 1770 decet
447 1738 487 1771 et
518 1733 672 1772 taedet.
718 1746 840 1771 unum
869 1734 1131 1771 memorabile
1153 1733 1382 1782 nuperrime
1404 1733 1504 1770 libro
1528 1733 1699 1770 accessit

292 1806 578 1838 ornamentum
620 1801 783 1850 Epicuri
829 1802 937 1839 senis
983 1801 1120 1851 imago
1165 1801 1394 1838 secundum
1442 1800 1700 1837 simulacrum

290 1866 601 1905 Herculanense
623 1880 798 1906 aeneum
820 1868 1021 1918 tituloque
1042 1868 1236 1917 inscripto
1259 1874 1415 1905 certum
1436 1865 1504 1917 (cf.
1522 1866 1698 1916 Compa-

290 1935 383 1972 retti
406 1941 447 1971 et
470 1936 523 1973 de
545 1935 664 1974 Petra
685 1935 749 1973 La
770 1936 873 1973 villa
894 1936 1129 1973 Ercolanese
1149 1935 1229 1974 tab.
1250 1942 1321 1975 XII
1345 1937 1366 1973 7
1399 1940 1441 1972 et
1466 1946 1503 1984 p.
1523 1936 1602 1972 262
1618 1931 1699 1985 sq.)

291 2002 563 2052 photographi
600 2009 688 2041 arte
720 2009 935 2053 exceptum
965 2024 1019 2028 —
1050 2003 1236 2041 ultimum
1266 2003 1312 2041 E.
1346 2002 1543 2039 Praetorii
1573 2003 1700 2040 nostri

292 2068 467 2106 officium
499 2090 554 2096 ——
585 2083 609 2108 a
641 2071 857 2109 Ludouico
890 2070 1045 2109 Ottone
1072 2071 1228 2119 pictore
1259 2069 1487 2115 Dresdensi
1516 2069 1700 2106 sollerter

291 2137 499 2175 delineata
530 2145 572 2175 et
602 2151 626 2176 a
658 2137 890 2176 Buerknero
921 2139 1031 2187 ligno
1061 2137 1199 2177 incisa.

405 2212 531 2243 restat
552 2211 597 2242 ut
618 2206 758 2243 amicis
782 2206 957 2256 uirisque
980 2206 1111 2243 doctis
1135 2217 1305 2255 quorum
1329 2205 1503 2242 societas
1525 2210 1566 2243 et
1587 2205 1698 2243 auxi-

290 2273 386 2310 lium
417 2273 581 2310 dulcem
611 2273 707 2310 mihi
740 2273 921 2311 laborem
951 2273 1048 2311 fecit
1078 2274 1229 2322 gratias
1261 2273 1448 2310 omnibus
1479 2285 1529 2309 ex
1560 2272 1697 2310 animo

289 2339 473 2378 referam.
511 2346 553 2377 tu
588 2346 739 2390 autem,
777 2341 831 2378 mi
860 2340 1124 2384 Buechelere,
1155 2340 1234 2378 hoc
1264 2339 1382 2378 amici
1412 2340 1696 2378 munusculum

290 2407 419 2444 amice
458 2407 636 2456 accipias
667 2414 706 2444 et
736 2408 936 2458 quidquid
968 2408 1117 2445 rectius
1149 2407 1377 2456 expedietis
1409 2407 1594 2444 omnibus
1626 2406 1698 2443 im-

289 2474 454 2522 pertias.
496 2474 634 2512 ualeas
664 2474 895 2525 floreasque
927 2480 969 2512 tu
1002 2487 1090 2512 cum
1125 2475 1201 2512 tuis
1233 2486 1391 2524 nosque
1423 2485 1549 2512 ames.
