1846 3288
788 710 1179 794 TTESTIMONIA

401 874 595 910 LAmmvs
622 875 819 909 Dmcssmzs
837 884 862 910 x
881 876 927 909 28
953 876 976 910 ἃ
994 876 1034 911 δὲ
1053 877 1157 920 αὐτῷ
1177 876 1278 910 δοκεῖ
1296 875 1336 910 ἐν
1354 875 1494 917 αὐτοῖς,
1520 874 1694 910 ἐκθέσθαι

280 934 504 978 πειράσομαι
530 937 628 978 τρεῖς
655 935 855 975 ἐπιστολὰς
880 935 998 969 αὐτοῦ
1024 935 1295 977 παραθέμενος,
1322 934 1362 969 ἑν
1389 931 1446 975 αἷς
1470 935 1596 968 πᾶσαν
1622 932 1694 974 τὴν

280 994 418 1028 ἑαυτοῦ
437 992 670 1036 φιλοσοφίαν
697 993 953 1035 ἑπιτέτμηται’
981 993 1147 1035 θήσομεν
1174 993 1215 1028 δὲ
1241 994 1301 1027 καὶ
1327 992 1394 1034 τὰς
1420 990 1548 1037 κυρίας
1572 991 1694 1026 αὐτοῦ
1719 993 1764 1026 ‘29

280 1053 388 1093 δόξας
413 1053 473 1086 καὶ
500 1052 533 1086 εἷ
557 1063 591 1086 τι
618 1052 744 1086 ἔδοξεν
773 1052 930 1093 ἐκλογῆς
961 1051 1071 1093 ἀξίως
1103 1052 1367 1094 ἀνεφθέγχθαι,
1407 1051 1506 1085 ὥστε
1531 1051 1574 1085 σὲ
1599 1060 1692 1084 παν-

278 1112 439 1153 ταχόθεν
466 1112 694 1152 καταμαθεῖν
719 1111 787 1145 τὸν
820 1111 939 1153 ἄνδρα
972 1111 1042 1144 κᾶν
1075 1109 1212 1154 κρίνειν
1246 1109 1393 1144 εἰδέναι.
1433 1110 1504 1152 τὴν
1530 1109 1598 1151 μὲν
1623 1108 1692 1143 οὖν
1718 1118 1733 1143 5

279 1171 435 1213 πρώτην
472 1170 674 1212 ἐπιστολὴν
708 1169 845 1213 γράφει
880 1170 974 1212 πρὸς
999 1169 1203 1212 Ἡρόδοτον
1239 1169 1284 1213 (ἦ
1310 1179 1365 1209 τις
1397 1167 1476 1203 ἐστὶ
1504 1169 1692 1211 περὶτῶν

279 1231 468 1272 φυσικῶν·
512 1229 582 1271 τὴν
610 1229 650 1263 δέ
679 1228 860 1272 δευτέραν
892 1229 985 1271 πρὸς
1010 1227 1247 1270 Πυθοκλέα),
1286 1229 1309 1269 ἥ
1334 1237 1390 1269 τις
1416 1227 1495 1262 ἐστὶ
1520 1227 1605 1271 περὶ
1631 1237 1693 1268 με-

277 1287 460 1332 ταρσίων·
487 1287 556 1330 τὴν
582 1286 714 1330 τρίτην
740 1286 834 1330 πρὸς
860 1284 1060 1328 Μενοικέα,
1089 1285 1219 1321 ἔστιδ’
1240 1286 1280 1321 ἐν
1306 1287 1402 1329 αὐτῇ
1421 1286 1467 1319 τὰ
1486 1286 1570 1329 περὶ
1590 1283 1690 1328 βίων.

278 1346 437 1390 ἀρκτέον
471 1347 517 1388 δὴ
550 1346 625 1380 ἀπὸ
657 1348 725 1388 τῆς
757 1346 920 1388 πρώτης,
961 1345 1066 1386 ὀλίγα
1100 1346 1332 1389 προειπόντα
1358 1346 1535 1388 περὶτῆς
1561 1345 1692 1388 διαιρέ-

278 1415 375 1448 σεως
405 1409 472 1448 τῆς
504 1405 586 1439 κατ’
619 1406 736 1439 αὐτὸν
769 1404 998 1448 φιλοσοφίας
1032 1432 1164 1439 ......
1198 1406 1244 1438 34
1276 1405 1426 1440 ἀνιτέον
1457 1404 1496 1438 δέ
1531 1404 1591 1438 ἐπὶ
1621 1404 1691 1446 τὴν
1718 1415 1750 1439 ιο

278 1464 493 1507 ἐπιστολήν.
520 1463 781 1507 Ἐπίκουρος
807 1466 884 1499 κτλ.
941 1474 943 1477 ·

451 1564 464 1595 1
497 1560 536 1605 ἃ]
565 1560 651 1603 μίαν
678 1562 762 1593 libri
785 1561 790 1603 1
814 1560 939 1595 αὐτῶ·
962 1561 1007 1593 Βι
1034 1559 1194 1605 αὐτῶ[ν]
1219 1561 1266 1592 [3²
1292 1562 1472 1604 ceterique
1495 1561 1500 1602 1
1523 1561 1626 1596 δοκεῖ
1651 1561 1692 1595 ἑν

326 1621 455 1662 αὐτοῖς
481 1621 647 1662 BHP¹Qz
675 1619 707 1654 εἰ
734 1621 836 1654 δοκεῖ
862 1620 991 1661 αὐτοῖς
1018 1620 1048 1651 F
1081 1619 1112 1654 εἰ
1139 1620 1241 1653 δοκεῖ
1267 1620 1283 1651 f
1317 1629 1363 1662 γρ
1385 1621 1503 1660 Ηίτῶν
1529 1619 1560 1656 εἰ
1591 1620 1693 1654 δοκεῖ

328 1680 367 1713 ἐν
394 1680 522 1720 αὐτοῖς
549 1690 608 1720 mg
625 1680 663 1712 P.
693 1679 811 1711 libros
829 1679 974 1722 Epicuri
1003 1679 1089 1711 dicit
1121 1679 1136 1720 ss
1172 1680 1192 1712 3
1220 1678 1375 1719 ἑπέτεμε
1395 1679 1444 1710 Ff
1464 1689 1509 1722 γρ
1535 1689 1594 1720 mg
1611 1679 1658 1711 P²
1683 1676 1694 1723 3}

326 1739 347 1771 4
374 1738 650 1781 ἀνεκφθέγχθαι
679 1741 715 1781 (κ
735 1749 840 1781 supra
859 1748 876 1772 ε
896 1738 1032 1781 posito)
1059 1748 1137 1770 corr
1162 1739 1192 1770 B
1218 1743 1251 1770 et
1278 1738 1358 1770 sort.
1387 1738 1432 1770 Ρι
1455 1737 1461 1778 l
1483 1738 1526 1772 σὲ
1544 1748 1601 1769 om
1622 1738 1658 1769 H
1683 1734 1694 1781 1}

327 1798 347 1830 5
375 1795 462 1841 κᾶν]
489 1798 582 1839 κάμὲ
609 1797 694 1830 libri
716 1796 722 1840 Ι
745 1796 884 1840 κρίνειν
910 1796 1048 1831 εἰδέναι
1067 1797 1205 1829 FHP²s
1227 1795 1365 1840 κρίνειν
1392 1795 1530 1831 εἰδέναι
1556 1794 1694 1839 κρίνειν

326 1855 495 1898 BP‘QH2
535 1855 552 1897 Π
590 1855 611 1889 6
637 1856 660 1898 ἤ
690 1883 697 1890 .
717 1883 747 1890 ..
777 1856 797 1889 7
822 1855 1022 1890 Πυθοκλέα
1050 1867 1106 1888 om
1133 1855 1232 1888 libri:
1271 1855 1355 1898 περί
1380 1856 1459 1890 τῶν
1484 1856 1658 1898 φυσικῶν
1683 1880 1692 1888 .

326 1914 507 1958 δευτέραν
534 1915 628 1958 πρὸς
653 1915 845 1949 πυθοκλέα
872 1915 889 1946 f
929 1912 947 1960 ΙΙ
993 1915 1012 1946 7
1043 1915 1066 1956 ἦ
1089 1916 1124 1946 Η
1170 1914 1185 1957 Η
1225 1914 1246 1948 9
1273 1913 1370 1957 περὶ]
1396 1913 1471 1948 ἀπὸ
1498 1915 1522 1946 f.

397 2012 593 2057 [Emcvm]
622 2013 724 2055 epist.
752 2020 783 2045 11
809 2013 853 2046 85
891 2013 1015 2053 καλῶς
1042 2012 1087 2054 δὴ
1115 2012 1211 2046 αὐτὰ
1240 2011 1390 2054 διάλαβε
1423 2011 1484 2046 καὶ
1511 2012 1574 2048 διὰ
1601 2011 1693 2056 μνή-

279 2081 350 2113 μης
376 2071 473 2114 ἔχων
500 2070 615 2112 ὀξέως
641 2070 737 2104 αὐτὰ
763 2070 960 2113 περιόδευε
987 2070 1081 2112 μετὰ
1109 2072 1188 2105 τῶν
1218 2072 1361 2104 λοιπῶν
1387 2070 1443 2105 ὧν
1470 2071 1516 2106 ὲν
1541 2073 1595 2116 τῇ
1624 2081 1691 2114 μι-

278 2132 362 2174 κρᾷ
387 2129 583 2173 ἐπιτομῇ
610 2129 723 2172 πρὸς
749 2128 997 2172 Ἡρόδοτον
1023 2127 1308 2170 ἀπεστείλαμεν.

399 2189 598 2222 Acunum
616 2188 703 2229 isag.
727 2188 767 2220 13
787 2199 820 2230 p.
840 2186 925 2222 133⁵
943 2188 1019 2220 Pet.
1046 2187 1137 2228 τοὺς
1154 2186 1315 2230 ἀστέρας
1333 2187 1373 2221 δὲ
1391 2189 1471 2231 ζῷα
1488 2187 1585 2222 εἶναι
1603 2187 1693 2223 οὔτε

277 2247 508 2291 Ἀναξαγόρᾳ
541 2247 631 2280 οὔτε
657 2245 888 2290 Δημοκρίτῳ
922 2246 1024 2280 δοκεῖ
1057 2247 1146 2281 οὔτε
1174 2246 1381 2290 Ἐπικούρῳ
1414 2246 1455 2280 ἐν
1492 2249 1540 2290 τῇ
1579 2247 1694 2290 πρὸς

278 2305 528 2349 Ἡρόδοτον
555 2305 755 2348 ἐπιτομῇ
790 2304 848 2349 [es.
875 2302 957 2350 §77
984 2304 1077 2348 μήτε
1103 2305 1152 2340 αὖ
1179 2303 1272 2349 κτλ]
