1846 3288
81 325 125 360 69

646 201 889 233 EPISTVLA
919 202 1084 233 PRIMA
1525 204 1570 238 23

151 315 309 366 φύσεις
340 313 581 356 δοξαστέον
611 312 682 365 (οὐ
705 314 787 364 γὰρ
809 314 999 356 δυνατὸν
1021 302 1249 364 ἐπινοῆσαι
1278 314 1440 367 τοῦτο),
1469 315 1570 357 οὔτε

149 386 266 437 ὅλως
303 390 365 437 ὡς
404 386 483 428 οὐκ
520 385 640 437 εἰσίν,
686 385 778 427 οὔθ’
812 386 873 437 ὡς
913 386 1021 438 ἕτερ’
1055 386 1162 428 ἄττα
1199 388 1570 440 προσυπάρχοντα

149 460 292 514 τούτῳ
324 458 548 510 ἀσώματα,
580 457 672 500 οὔθ’
706 458 767 508 ὡς
800 459 927 510 μόρια
963 459 1134 511 τούτου,
1167 459 1259 501 ἀλλ’
1292 461 1352 511 ὡς
1383 462 1434 503 τὸ
1466 460 1571 504 ὅλον

151 534 279 584 σῶμα
317 531 507 573 καθόλου
540 532 617 582 μὲν
647 529 750 585 <ἐκ>
779 531 950 573 τούτων
980 532 1157 573 πάντων
1188 532 1266 583 τὴν
1298 532 1457 575 ἑαυτοῦ
1490 534 1570 586 φύ-

111 624 126 647 5
150 615 220 646 σιν
243 604 345 655 ἔχον
367 603 519 655 ἀίδιον,
551 603 632 655 οὐχ
662 602 756 645 οἷον
779 602 814 645 δ’
840 603 947 645 εἶναι
979 606 1378 656 συμπεφορημένον
1401 606 1571 659 (ὥσπερ

96 989 127 1012 10

98 1351 128 1377 15

149 676 258 721 ὅταν
290 678 334 719 ἐξ
367 677 511 718 αὐτῶν
547 678 636 718 τῶν
680 675 823 726 ὄγκων
861 680 1005 727 μεῖζον
1035 676 1261 729 Ῐᾶθροισμα
1297 683 1439 733 συστῇ
1477 680 1572 730 ἤτοι

150 753 238 793 τῶν
268 750 454 802 πρώτων
484 751 509 801 ἢ
540 752 628 792 τῶν
659 752 737 791 τοῦ
771 748 877 791 ὅλου
911 753 1054 801 μερῶν
1084 754 1213 792 τοῦδε
1245 752 1363 802 τινὸς
1395 753 1571 794 ἐλαττό-

150 823 270 876 νων),
316 823 428 866 ἀλλὰ
473 823 620 874 μόνον,
668 823 728 874 ὡς
772 824 896 874 λέγω,
945 824 990 864 ἐκ
1032 824 1202 865 τούτων
1246 824 1452 867 ἁπάντων
1494 827 1572 878 τὴν

152 897 311 938 ἑαυτοῦ
340 896 476 948 φύσιν
509 896 610 947 ἔχον
642 895 791 938 ἀίδιον.
844 897 912 938 καὶ
944 897 1150 948 ἐπιβολὰς
1172 899 1250 948 μὲν
1271 897 1428 949 ἔχοντα
1462 899 1572 950 ἰδίας

150 969 292 1011 πάντα
331 968 467 1010 ταῦτά
511 969 603 1010 ἐστι
643 970 712 1010 καὶ
756 970 995 1020 διαλήψεις,
1039 973 1572 1023 συμπαρακολουθοῦντος

151 1043 199 1084 δὲ
230 1044 308 1083 τοῦ
341 1040 505 1093 ἀθρόου
538 1041 605 1082 καὶ
638 1041 804 1096 οὐθαμῇ
837 1041 1172 1093 ἀποσχιζόμενα,
1212 1042 1323 1085 ἀλλὰ
1354 1046 1464 1086 κατὰ
1494 1045 1572 1096 τὴν

152 1114 319 1166 ἀθρόαν
351 1115 525 1157 ἔννοιαν
556 1118 634 1156 τοῦ
667 1116 872 1166 σώματος
905 1117 1165 1168 κατηγορίαν
1197 1116 1420 1168 εἰληφότα.

267 1187 341 1229 Καὶ
372 1188 454 1239 μὴν
485 1188 551 1229 καὶ
583 1190 674 1239 τοῖς
706 1188 880 1239 σώμασι
912 1189 1142 1239 συμπίπτει
1173 1190 1381 1240 πολλάκις
1404 1192 1472 1231 καὶ
1493 1191 1573 1233 οὐκ

152 1261 291 1303 ἀίδιον
312 1263 660 1312 παρακολουθεῖν
688 1278 707 1300 x<
739 1280 763 1300 -κ
796 1260 885 1302 οὔτ’
911 1266 957 1302 εν
980 1264 1071 1312 τοῖς
1093 1260 1300 1313 ἀοράτοις
1322 1262 1444 1304 ἔσται
1470 1262 1572 1305 οὔτε

152 1333 375 1385 ἀσώματα.
435 1332 551 1375 ὥστε
584 1334 634 1384 δὴ
668 1334 774 1376 κατὰ
806 1335 884 1385 τὴν
915 1336 1122 1385 πλείστην
1160 1336 1306 1387 φορὰν
1338 1336 1479 1392 τούτῳ
1511 1340 1571 1391 τῷ

151 1406 332 1458 ὀνόματι
362 1407 577 1459 χρώμενοι
613 1407 786 1459 φανερὰ
816 1410 1026 1459 ποιοῦμεν
1057 1408 1110 1450 τὰ
1141 1408 1440 1460 συμπτώματα
1470 1409 1572 1451 οὔτε

150 1481 228 1530 τὴν
260 1483 337 1522 τοῦ
370 1479 476 1522 ὅλου
508 1480 643 1532 φύσιν
673 1480 796 1531 ἔχειν,
829 1480 853 1522 ὃ
876 1481 1174 1533 συλλαβόντες
1206 1482 1314 1523 κατὰ
1335 1483 1386 1524 τὸ
1409 1482 1573 1534 ἀθρόον

151 1555 278 1604 σῶμα
317 1554 713 1605 προςαγορεύομεν,
761 1554 862 1596 οὔτε
894 1555 972 1604 τὴν
1004 1557 1092 1596 τῶν
1123 1553 1263 1597 ἀίδιον
1299 1559 1571 1608 παρακολου-

151 1627 359 1678 θούντων,
392 1626 454 1669 ὧν
486 1627 591 1669 ἄνευ
623 1630 751 1679 σῶμα
783 1628 834 1670 οὐ
867 1629 1056 1670 δυνατὸν
1087 1632 1301 1671 νοεῖσθαι·
1362 1634 1452 1671 κατ’
1487 1631 1572 1671 ἐπι-

153 1700 286 1752 βολὰς
317 1700 353 1741 δ’
377 1699 431 1742 ἄν
461 1714 582 1751 τινας
612 1703 1056 1752 παρακολουθοῦντος
1094 1704 1171 1743 τοῦ
1204 1701 1370 1755 ἀθρόου
1409 1704 1573 1745 ἕκαστα

273 1854 289 1887 1
319 1851 421 1897 οὔτε]
438 1852 462 1895 ἢ
481 1854 510 1884 F
544 1853 559 1896 ΙΙ
593 1853 615 1886 2
642 1854 722 1888 οὔθ’
741 1855 792 1895 ὡς
811 1855 1038 1895 (Στειςεεῐιάιιεῑ
1067 1856 1118 1896 ὡς
1144 1856 1226 1890 οὔθ’
1244 1852 1341 1899 (οὐθ’
1362 1857 1440 1899 FQ)
1460 1857 1544 1889 libri
1570 1855 1574 1900 1

150 1911 261 1954 ἕτερα
287 1911 334 1946 τὰ
361 1913 446 1945 libri
479 1910 496 1957 ΙΙ
530 1913 550 1945 3
577 1912 716 1958 τούτῳ]
734 1914 886 1947 τούτων
905 1915 940 1946 H
964 1915 969 1954 Ι
992 1913 1073 1948 οὐδ’
1094 1915 1144 1956 ὡς
1164 1916 1193 1946 F
1216 1917 1220 1954 1
1242 1917 1404 1959 τούτοις,
1425 1916 1504 1951 ἀλλ’
1525 1918 1541 1949 f
1563 1915 1574 1961 Η

151 1971 172 2004 4
199 1969 321 2014 σῶμα]
348 1972 473 2013 σῶμα·
501 1971 552 2013 ὡς
577 1971 607 2003 F
642 1972 647 2014 ξ
685 1972 752 2014 μὲν
779 1973 820 2007 ἐκ
847 1973 1086 2007 Meibomius:
1122 1974 1190 2016 μὲν
1216 1975 1298 2007 libri
1335 1974 1340 2019 Ι
1375 1975 1471 2019 τζῖὴξν
1499 1978 1533 2007 H
1562 1975 1573 2022 Η

151 2029 172 2062 5
196 2029 294 2071 ἔχων
313 2030 345 2062 G
367 2027 374 2073 1
396 2028 479 2064 οἷον
505 2030 538 2064 τ’
566 2030 714 2073 FGPQs
735 2029 818 2066 οἷόν
844 2041 885 2065 τε
912 2032 1000 2065 BH:
1029 2043 1117 2066 corr.
1138 2033 1379 2068 Schneiderus
1402 2034 1407 2076 l
1431 2043 1571 2078 συμπε-

150 2088 381 2132 φωρημένον
398 2089 430 2120 F
455 2089 811 2133 συμπεφορημὲνων
831 2091 895 2133 BQ
922 2092 1303 2135 συμπεφιορημὲνων
1330 2094 1375 2125 P¹
1410 2093 1425 2136 Η
1460 2094 1481 2126 6
1509 2094 1571 2136 ὃγ-

151 2146 241 2191 κων]
276 2146 391 2181 οἴκων
425 2147 556 2190 B¹P¹Q
594 2149 599 2190 1
639 2148 824 2192 ἄθροισμα
858 2150 951 2181 male
988 2150 1176 2183 iterauerat
1211 2150 1258 2183 Ρι
1316 2150 1332 2194 ΙΙ
1392 2152 1411 2184 7
1446 2156 1572 2196 μερῶν

151 2206 413 2240 Schneiderus:
441 2209 611 2250 μεγεθῶν
637 2208 725 2240 libri
753 2211 759 2248 1
788 2210 858 2242 τοῦ
887 2209 927 2242 δέ
956 2219 1059 2250 τινος
1084 2210 1170 2242 libri
1193 2210 1199 2254 Ι
1221 2211 1380 2245 ἔλαττον
1408 2212 1452 2245 ὂν
1480 2212 1573 2247 ἀλλὰ

151 2267 181 2298 Β
214 2265 230 2309 ΙΙ
263 2265 285 2299 8
312 2265 495 2307 μόνωνΗ
529 2266 544 2310 ΙΙ
577 2266 599 2300 9
627 2266 776 2301 ἑαυτῶν
799 2268 900 2310 HPQ
935 2267 951 2312 ΙΙ
989 2269 1033 2301 10
1064 2268 1266 2311 διαλείψεις
1292 2271 1343 2302 F?
1373 2267 1398 2312 ’11
1443 2271 1482 2303 11
1512 2271 1574 2305 οὐ·

150 2326 251 2367 θαμῆ
269 2324 398 2367 ΒΡὮε
425 2324 576 2368 οὐδαμῆ
602 2327 711 2358 ceteri
740 2326 888 2368 οὐδαμὴ
916 2328 933 2358 f
951 2327 957 2369 Ι
981 2326 1295 2370 ἀποσχηζομένου
1315 2330 1344 2360 Β
1372 2329 1572 2372 ἀποσχιζο-

153 2383 267 2424 μένου
294 2384 424 2426 reliqui
465 2383 480 2427 ΙΙ
525 2384 568 2417 12
594 2385 744 2419 ἔννοιαν
770 2392 854 2428 post
880 2386 1057 2427 σώματος
1085 2387 1143 2418 dat
1173 2387 1203 2418 F
1241 2387 1246 2428 1
1285 2387 1368 2430 τοῡἹΙ
1399 2391 1477 2421 τῶν
1505 2390 1537 2431 Q
1571 2390 1574 2434 ξ

152 2441 355 2486 εἰληφότος
380 2443 464 2475 libri
505 2443 520 2487 ss
564 2443 605 2476 13
633 2442 862 2488 fflupmiwret
889 2445 917 2476 F
959 2444 974 2488 Η
1019 2446 1062 2478 14
1089 2448 1368 2488 παρακολουθεῖ
1392 2449 1420 2478 Β
1445 2449 1449 2489 Ι
1475 2448 1572 2480 hiare

154 2502 350 2534 orationem
376 2502 515 2534 librarii
541 2514 613 2535 non
639 2503 897 2535 indicauerunt.
942 2505 1204 2546 συμπτώματα
1233 2506 1385 2548 scriptor
1413 2506 1536 2538 definit
1571 2506 1574 2544 ι’

152 2559 257 2604 [οὔ]τ’
276 2560 317 2595 ἐν
334 2562 371 2593 Η
398 2560 487 2604 οὔτε
511 2562 780 2604 praepositione
808 2564 940 2595 omissa
959 2564 987 2594 B
1011 2563 1016 2605 '1
1040 2563 1161 2607 ἔσται]
1189 2565 1249 2597 καὶ
1275 2565 1359 2596 libri
1395 2564 1409 2607 Η
1448 2566 1489 2598 15
1509 2565 1570 2607 δὴ]

154 2619 209 2654 δεῖ
226 2620 256 2651 F
277 2619 284 2663 Ι
305 2619 376 2662 τὴν
402 2630 459 2652 om
477 2620 552 2663 Gf}
576 2620 727 2665 Ιφο]ρὰν
752 2623 782 2653 Β
820 2622 835 2664 ΙΙ
880 2623 921 2655 17
949 2622 1030 2666 ‘dos'
1059 2622 1162 2663 ὅξλου
1191 2623 1319 2656 lacuna
1346 2636 1388 2656 m.
1417 2635 1484 2657 rec.
1514 2635 1571 2656 ex-

153 2679 251 2721 pleta
277 2679 306 2720 B
329 2679 335 2722 Ι
356 2678 433 2721 ἔχει
458 2679 530 2723 Fr}
553 2679 573 2713 ὃ
600 2681 694 2713 FGf:
722 2680 766 2714 ὃν
792 2682 895 2724 HPQ
924 2681 970 2724 ἣν
1001 2683 1035 2714 in
1063 2683 1192 2715 lacuna
1217 2694 1287 2716 rec.
1314 2684 1343 2714 Β
1372 2685 1377 2726 Ι
1407 2685 1573 2727 τοαθρον

154 2736 199 2768 P¹
241 2737 257 2782 ΙΙ
301 2738 345 2771 18
371 2737 492 2773 ἀίδιον
518 2740 595 2773 BF:
624 2738 755 2775 ἀιδίων
781 2741 910 2784 reliqui
951 2741 966 2786 ΙΙ
1012 2741 1054 2775 19
1080 2741 1197 2786 [dijveu
1223 2743 1253 2774 F
