1846 3288
45 997 76 1022 10

46 1317 76 1345 15

44 1687 76 1713 «ιο

46 2013 78 2039 25

47 2359 80 2386 30

1467 222 1514 259 89

99 341 281 374 scientiam
306 346 342 374 et
369 341 564 379 iudicandi,
598 340 702 385 quale
735 342 781 373 sit
813 341 983 384 quidque,
1017 346 1052 373 et
1079 341 1216 373 tatione
1244 351 1283 373 ac
1309 341 1368 374 uia
1393 340 1515 384 dispu-

99 408 207 446 tandi,
233 407 302 440 ruit
325 407 362 439 in
389 406 556 445 dicendo,
581 411 620 439 ut
641 406 728 439 mihi
753 406 899 450 quidem
925 405 1078 446 uidetur,
1105 416 1170 439 nec
1197 416 1239 438 ea
1265 416 1355 450 quae
1382 407 1513 438 docere

98 471 177 504 uolt
202 470 278 504 ulla
304 476 376 504 arte
405 471 593 512 distinguit
604 470 623 504 ³.
665 471 714 503 ib.
733 471 766 509 9,
786 471 831 504 27
857 470 1069 503 ‘contemnit
1095 471 1189 502 enim
1216 470 1418 503 disserendi
1445 470 1515 502 ele-

99 537 266 578 gantiam,
295 536 444 569 confuse
470 534 655 579 loquitut‘.

219 622 319 654 Idem
337 622 383 654 de
402 622 512 655 diuin.
531 628 561 654 11
579 622 637 660 50,
658 622 723 654 103
753 621 974 665 ‘Epicurmm
1003 632 1108 664 quem
1135 622 1302 654 hebetem
1331 625 1365 653 et
1391 621 1515 653 rudem

99 687 217 719 dicere
244 686 363 718 solent
389 685 529 718 Stoici'.

218 773 319 806 Idem
337 773 442 805 Tusc.
463 773 554 815 disp.
583 780 605 804 v
625 772 658 810 9,
677 772 723 806 26
749 772 829 804 ‘An
855 773 1029 805 malumus
1056 773 1251 816 Epicurum
1279 771 1428 804 imitari?
1456 773 1515 814 qui

100 838 208 870 multa
234 839 416 881 praeclare
444 847 550 880 saepe
577 837 680 869 dicit:
705 848 808 879 quam
828 838 920 870 enim
940 838 1008 870 sibi
1027 843 1230 870 constanter
1250 838 1518 870 conuenienter-

97 914 166 946 que
193 903 298 941 dicat,
328 913 399 935 non
430 901 597 935 laborat‘.

194 997 296 1022 ΤΗΕΟ
329 1000 587 1032 progymnasm.
619 989 692 1021 Rh.
721 990 782 1022 W.
811 997 823 1022 Ι
849 1001 883 1032 p.
908 989 974 1022 169
1009 989 1067 1033 Sp.
1087 997 1119 1022 Π
1151 1001 1184 1034 p.
1202 990 1260 1028 71,
1279 990 1300 1023 7
1344 990 1516 1033 ἐπιμελη-

98 1055 188 1089 τέον
216 1055 255 1089 δέ
282 1055 342 1088 καὶ
368 1058 435 1096 τῆς
462 1054 677 1095 συνθέσεως
702 1056 781 1088 τῶν
809 1053 1022 1096 ὀνομάτων,
1063 1054 1189 1088 πάντα
1221 1055 1450 1089 διδάσκοντα
1480 1055 1517 1090 ἐξ

100 1119 154 1154 ὧν
182 1120 448 1161 διαφεύξονται
480 1119 526 1152 τὸ
553 1121 677 1159 κακῶς
711 1119 925 1153 συντιθέναι
959 1120 1019 1153 καὶ
1049 1119 1208 1160 μάλιστα
1244 1120 1283 1153 δέ
1309 1120 1379 1161 τὴν
1407 1120 1516 1160 ἐμμε-

99 1195 191 1228 τρον
218 1185 278 1218 καὶ
305 1184 492 1228 ἔνρυθμον
519 1184 627 1226 λέξιν,
655 1185 707 1225 ὡς
731 1184 778 1218 τὰ
807 1184 928 1218 πολλὰ
958 1186 1036 1217 τῶν
1055 1183 1233 1226 Ἡγησίου
1260 1187 1330 1218 τοῦ
1356 1184 1518 1227 ῥήτορος

101 1250 161 1283 καὶ
187 1251 266 1283 τῶν
293 1249 476 1284 Ἀσιανῶν
509 1249 754 1290 καλουμένων
787 1249 962 1292 ῥητόρων
995 1249 1054 1282 καὶ
1082 1249 1165 1282 τινὰ
1190 1251 1271 1282 τῶν
1296 1249 1516 1292 Ἐπικούρου

100 1312 162 1348 οἷά
187 1323 261 1348 που
289 1316 365 1349 κτλ.
394 1312 482 1358 [uid.
511 1314 650 1347 srr.131
684 1306 729 1346 et>
748 1312 842 1358 105}

219 1400 459 1433 ATHENAEVS
487 1407 508 1432 v
534 1410 570 1443 p.
592 1399 676 1432 187ο
722 1400 792 1441 τὴν
828 1400 895 1441 μὲν
931 1400 1004 1442 γὰρ
1036 1400 1310 1442 ἐπιτρέχουσαν
1343 1403 1390 1444 τῇ
1425 1400 1519 1435 λέξει

99 1464 270 1508 (Epicuri)
297 1464 504 1508 ἀρρυθμίαν
530 1464 566 1499 τί
593 1465 648 1498 δεῖ
674 1465 734 1498 καί
759 1465 898 1505 λέγειν;
937 1463 1024 1509 [uid.
1054 1465 1092 1497 rr.
1113 1463 1186 1508 57].

222 1549 455 1585 CLEOMEDES
481 1559 510 1584 ιι
533 1552 548 1584 l
577 1563 609 1594 p.
632 1551 699 1584 112
718 1552 804 1584 Bak.
845 1551 933 1585 οὐδὲ
961 1550 1032 1594 γὰρ
1065 1552 1203 1591 λιγὺν
1231 1552 1350 1593 ἔγωγε
1378 1555 1519 1586 τοῦτον

101 1615 147 1650 ἃν
165 1616 233 1650 τὸν
251 1615 436 1659 Θερσίτην
455 1614 691 1660 (Epicurum),
719 1616 888 1658 καθάπερ
914 1616 934 1649 ὁ
954 1615 1158 1656 Ὀδυσσεὺς
1183 1615 1340 1658 ἐκεῖνον,
1366 1616 1517 1658 εἴποιμι,

101 1679 184 1715 ἐπεί
213 1690 256 1722 γε
289 1680 383 1724 πρὸς
413 1684 493 1721 τοῖς
522 1681 647 1721 ἄλλοις
683 1681 743 1714 καὶ
774 1680 821 1714 τὰ
855 1680 951 1714 κατὰ
982 1681 1054 1723 τὴν
1089 1680 1288 1723 ἑρμηνείαν
1316 1681 1422 1724 αὐτῷ
1449 1680 1519 1715 διε-

101 1746 274 1789 φθορότα
301 1744 392 1787 ἐστί,
420 1745 593 1788 σαρκὸς
619 1745 825 1787 εὐσταθῆ
853 1755 906 1778 κα
919 1755 971 1779 τα
983 1744 1198 1787 στήματα
1226 1745 1375 1786 λέγοντι
1394 1745 1519 1779 καὶτὰ

102 1811 206 1853 περὶ
237 1810 410 1853 ταύτης
438 1810 582 1844 πιστὰ
609 1809 884 1853 ἐλπίσματα,
924 1811 983 1844 καὶ
1011 1809 1223 1851 λίπασμα
1257 1810 1519 1852 ὀφθαλμῶν

101 1875 147 1909 τὸ
178 1875 343 1919 δάκρυον
376 1873 602 1916 ὀνομάζοντι
635 1876 695 1909 καὶ
727 1874 827 1917 ἱερὰ
859 1874 1289 1918 ἀνακραυγάσματα
1321 1875 1382 1908 καὶ
1407 1884 1519 1917 γαρ-

102 1940 357 1982 γαλισμοὺς
383 1939 596 1981 σώματος
622 1940 682 1973 καὶ
706 1939 945 1982 ληκήματα
973 1939 1032 1973 καὶ
1059 1939 1172 1980 ἄλλας
1197 1939 1378 1980 τοιαύτας
1405 1939 1520 1980 κακὰς

103 2004 211 2045 ἄτας·
239 2004 294 2038 ὧν
317 2004 366 2038 τὰ
391 2005 458 2046 μὲν
485 2003 525 2038 ἐκ
553 2003 835 2047 χαμαιτυπείων
855 2005 900 2037 ἄν
919 2014 974 2045 τις
996 2004 1091 2038 εἶναι
1110 2003 1256 2047 φήσειε,
1283 2004 1331 2037 τὰ
1350 2004 1389 2038 δέ
1409 2004 1520 2045 ὅμοια

102 2071 181 2108 τοῖς
215 2067 433 2109 λεγομένοις
464 2068 505 2102 ἑν
537 2071 618 2109 τοῖς
645 2067 879 2111 Δημητρίοις
911 2069 986 2102 ὑπὸ
1018 2070 1097 2102 τῶν
1130 2069 1520 2111 θεσμοφοριαζουσῶν

102 2135 304 2175 γυναικῶν,
341 2132 389 2166 τὰ
420 2133 461 2166 δέ
495 2132 571 2166 ἀπὸ
604 2133 721 2175 μέσης
752 2135 821 2175 τῆς
852 2134 1068 2176 προσευχῆς
1099 2133 1159 2167 καὶ
1191 2135 1270 2167 τῶν
1304 2132 1362 2167 ἐπ’
1390 2133 1521 2173 αὐταῖς

102 2197 416 2240 προσαιτούντων
435 2196 618 2231 Ἰουδαϊκὰ
643 2207 728 2231 τινα
753 2198 814 2231 καὶ
838 2197 1203 2240 παρακεχαραγμένα
1222 2197 1396 2231 καὶκατὰ
1423 2198 1520 2231 πολὺ

101 2263 179 2296 τῶν
207 2261 377 2305 ἑρπετῶν
401 2263 661 2305 ταπεινότερα.

222 2347 372 2382 ΞΕΧῬνε
396 2354 527 2382 nnn-11³.
555 2349 636 2381 adu.
659 2348 823 2382 mathem.
843 2356 855 2381 1
878 2349 892 2381 1
925 2348 964 2383 ἐν
988 2349 1141 2390 πολλοῖς
1165 2348 1237 2391 γὰρ
1261 2347 1409 2390 ἀμαθὴς
1426 2347 1520 2382 Ἐπί-

103 2423 241 2456 κουρος
267 2412 458 2455 ἐλέγχεται
484 2413 573 2447 οὐδὲ
600 2412 640 2446 ἐν
668 2415 748 2454 ταῖς
774 2416 916 2453 κοιναῖς
945 2395 1102 2455 ὁμιλίαις
1133 2413 1366 2455 καθαρεύων.

226 2498 369 2534 CICERO
396 2499 441 2532 de
458 2505 530 2533 nat.
549 2500 647 2533 deor.
666 2507 697 2532 ΙΙ
717 2500 771 2538 17,
792 2500 836 2533 46
865 2499 942 2530 ‘hic
968 2509 1072 2542 quam
1099 2499 1200 2531 uolet
1225 2499 1401 2542 Epicurus
1428 2499 1521 2531 ioce-

105 2567 172 2602 tur,
197 2564 304 2596 homo
325 2574 397 2596 non
415 2565 621 2608 aptissimus
641 2565 685 2597 ad
703 2565 895 2597 iocandum
914 2564 1130 2606 minimeque
1149 2563 1323 2607 resipiens
1343 2563 1519 2606 patriam'.

226 2763 272 2797 28
298 2763 496 2813 Ἰουδαϊκά]
515 2766 673 2809 χυδαῑκά
699 2766 903 2800 Meinekius
928 2764 1063 2800 Philo).
1087 2770 1112 2798 t.
1131 2771 1199 2798 XIV
1217 2775 1251 2808 p.
1267 2763 1312 2798 ‘25
1335 2773 1520 2808 perperam
