1842 3250
283 260 355 293 210
766 261 971 292 EPICVRI
996 260 1214 292 PHYSICA
1556 263 1599 295 fr.
1624 262 1693 296 293

284 373 377 416 βάρη
410 375 616 416 τηλικαῦτα
651 373 824 417 σιδήρου;
868 373 900 408 εἰ
925 374 997 416 γὰρ
1023 374 1186 408 ἕκαστον
1215 375 1342 409 αὐτῶν
1375 376 1580 418 μυριοστόν
1614 376 1693 410 ἑστι

282 438 394 481 μέρος
419 441 497 472 τῶν
525 438 564 472 ἑν
590 441 645 482 τῷ
673 438 752 481 ἀέρι
778 439 1002 481 φερομένων
1028 439 1252 481 ψηγμάτων,
1279 439 1438 481 πηλίκον
1462 441 1532 482 χρὴ
1556 442 1694 482 νοῆσαι

281 503 326 536 τὸ
359 503 475 545 πέρας
507 503 634 536 αὐτῶν
666 504 711 537 τὸ
744 503 1009 546 ἀγκιστρῶδες,
1049 504 1080 547 ᾧ
1111 503 1375 546 περιπλέκεται
1407 504 1501 547 πρὸς
1533 505 1691 547 ἄλληλα;

281 567 435 607 πάντως
458 567 529 610 γὰρ
556 567 602 609 δή
626 578 701 602 που
728 571 843 601 τοῦτο
869 569 1122 610 σμικρότατόν
1149 569 1250 602 ἐστιν
1277 569 1368 602 ὅλου
1393 572 1463 602 τοῦ
1481 568 1691 610 ψήγματος.

282 632 363 665 εἶτα
394 631 525 673 μικρὸν
555 635 684 676 μικρῷ,
724 632 946 673 κινούμενον
979 633 1190 676 κινουμένῳ
1222 634 1449 675 περιπλακὲν
1482 634 1551 667 οὐκ
1583 633 1693 673 εὐθὺς

281 695 556 735 ἀποπάλλεται;
603 697 663 729 καὶ
694 696 766 738 γὰρ
800 696 844 737 δὴ
879 697 938 729 καὶ
965 695 1043 730 ἄλλ’
1072 697 1167 729 ἄττα
1199 697 1352 737 πάντως
1385 697 1514 738 αὐτοῖς
1546 697 1594 731 τὰ
1626 698 1693 739 μὲν

281 760 453 794 κάτωθεν
478 760 525 793 τὰ
553 759 584 793 δ’
611 760 760 794 ἄνωθεν
792 761 853 793 καὶ
885 760 932 793 τὰ
966 761 1032 800 μὲν
1065 761 1278 803 ἔμπροσθεν
1304 761 1351 794 τὰ
1378 761 1408 794 δ’
1438 762 1605 803 ὄπισθεν,
1645 762 1693 795 τὰ

281 825 312 858 δ’
340 824 381 858 ἑκ
409 827 487 857 τῶν
516 825 646 859 δεξιῶν
677 825 725 858 τὰ
758 825 788 858 δ’
817 825 857 859 ἐκ
889 827 967 858 τῶν
1001 825 1210 868 ἀριστερῶν
1243 826 1504 868 ἐκρηγνύμενα
1536 825 1626 861 σείει
1651 837 1693 860 τε
1717 838 1779 869 (50)

280 890 341 922 καὶ
367 890 544 932 ταράττει
570 891 630 923 καὶ
661 890 783 930 μένειν
812 890 880 924 οὐκ
908 890 960 933 ἑᾷ.
1014 891 1074 923 καὶ
1102 891 1230 932 μέντοι
1261 892 1320 924 καὶ
1347 891 1468 925 πολλὰ
1494 891 1564 934 χρὴ
1591 894 1693 925 νοεῖν

1717 646 1733 671 <ss

281 954 317 988 ἐξ
351 953 518 997 ἀνάγκης
550 955 713 988 ἕκαστον
750 954 906 988 ἐκείνων
937 957 1016 988 τῶν
1055 958 1197 998 μικρῶν
1233 955 1422 996 σωμάτων
1457 956 1554 997 ἔχειν
1591 955 1693 996 ἀγκι-
1718 969 1751 993 10

281 1018 433 1060 στρώδη
465 1019 621 1061 πέρατα.
675 1018 720 1052 δι’
755 1019 838 1060 ἑνὸς
872 1020 937 1060 μὲν
971 1019 1042 1062 γὰρ
1076 1019 1250 1061 ἀλλήλοις
1282 1020 1327 1053 οὐ
1362 1020 1603 1061 συνάπτεται,
1646 1019 1692 1053 δι’

281 1082 412 1125 ἑτέρου
433 1083 463 1116 δ’
485 1083 579 1124 ἑνός,
606 1086 675 1116 τοῦ
703 1085 769 1123 μέν
796 1083 1066 1126 ὑπερκειμένου
1092 1087 1139 1127 τῇ
1164 1083 1266 1128 λίθῳ,
1292 1087 1362 1118 τοῦ
1390 1085 1421 1117 δ’
1441 1083 1692 1125 ὑποκειμένου

279 1150 334 1191 τῷ
362 1147 521 1192 σιδήρῳ·
562 1147 594 1182 εἰ
620 1148 691 1190 γὰρ
719 1149 796 1181 ἄνω
827 1149 893 1189 μὲν
922 1148 1099 1191 ἐξαφθείη
1126 1151 1192 1190 τῆς
1219 1147 1336 1187 λίθου,
1361 1149 1465 1182 κάτω
1493 1149 1533 1183 δέ
1558 1152 1613 1193 τῷ
1641 1158 1693 1183 σι-

281 1212 384 1256 δήρῳ
418 1213 466 1254 μὴ
500 1212 746 1255 συμπλακείη,
786 1214 902 1247 πλέον
932 1214 1060 1247 οὐδέν·
1109 1214 1202 1254 ὠςτε
1230 1216 1299 1247 τοῦ
1327 1214 1392 1254 μὲν
1421 1214 1692 1256 ὑπερκειμένου

278 1277 323 1309 τὸ
351 1277 430 1310 ἄνω
458 1277 568 1319 μέρος
597 1277 843 1320 ἐκκρέμασθαι
870 1278 939 1320 χρὴ
965 1279 1032 1319 τῆς
1057 1277 1174 1318 λίθου,
1201 1281 1269 1311 τοῦ
1302 1278 1332 1311 δ’
1360 1278 1612 1318 ὑποκειμένου
1637 1281 1693 1322 τῷ
1719 1292 1749 1317 15

280 1332 383 1374 κάτω
416 1342 548 1385 πέρατι
582 1344 774 1383 συνῆφθαι
806 1342 873 1375 τὸν
907 1342 1074 1384 σίδηρον.
1128 1343 1206 1376 ἐπεὶ
1240 1343 1279 1376 δέ
1313 1342 1382 1376 κάκ
1412 1345 1490 1376 τῶν
1523 1342 1693 1384 πλαγίων

280 1406 452 1448 ἀλλήλοις
485 1407 758 1449 περιπλέκεται,
801 1407 954 1447 πάντως
988 1417 1060 1440 που
1095 1406 1289 1441 κάνταῦθα
1321 1408 1395 1449 ἔχει
1426 1407 1472 1440 τὰ
1499 1409 1692 1451 ἄγκιστρα.

281 1472 339 1504 καὶ
360 1471 526 1513 μέμνησό
555 1483 615 1513 μοι
643 1472 715 1514 πρὸ
742 1472 908 1513 πάντων,
937 1472 1040 1512 ὅπως
1065 1472 1158 1505 ὄντα
1185 1473 1319 1514 σμικρὰ
1345 1473 1412 1513 τὰς
1438 1474 1628 1514 τοσαύτας
1653 1484 1694 1507 τε

280 1537 339 1570 καὶ
376 1537 554 1576 τοιαύτας
587 1536 798 1578 ἀποφύσεις
831 1538 921 1578 έχει·
965 1538 1025 1569 καὶ.
1051 1538 1191 1570 τούτου
1221 1539 1359 1577 μᾶλλον
1392 1538 1446 1570 ἔτι
1476 1537 1530 1571 δεῖ
1558 1540 1694 1578 μεμνῆ-

281 1603 376 1642 σθαι,
405 1602 508 1641 ὅπως
534 1601 596 1634 ἵνα
624 1603 665 1634 τὸ
693 1602 873 1644 δεύτερον
901 1602 1070 1643 σιδήριον
1098 1604 1275 1644 συναφθῇ
1302 1605 1356 1644 τῶ
1383 1602 1525 1645 πρώτῳ
1553 1603 1613 1635 καὶ
1638 1604 1693 1644 τῷ
1717 1610 1752 1635 20

280 1667 444 1710 δευτέρῳ
472 1667 515 1699 τὸ
542 1666 670 1709 τρίτον
697 1665 857 1709 κάκείνῳ
889 1666 933 1698 τὸ
960 1666 1156 1708 τέταρτον,
1190 1665 1264 1707 ἅμα
1293 1666 1358 1706 μέν
1386 1667 1597 1708 διέρχεσθαι
1623 1668 1692 1709 χρὴ

279 1732 367 1772 τοὺς
394 1732 536 1773 πόρους
561 1732 670 1764 ταυτὶ
697 1731 742 1763 τὰ
771 1731 905 1773 σμικρὰ
931 1732 992 1764 καί
1019 1731 1171 1773 ληρώδη
1205 1730 1398 1772 ψήγματα,
1439 1730 1514 1772 ἅμα
1542 1730 1573 1764 δ’
1602 1730 1694 1764 ἀπο-

278 1796 485 1829 πάλλεσθαι
517 1799 586 1829 τοῠ
621 1797 698 1835 μετ’
731 1796 823 1829 αὐτὸ
856 1796 1100 1836 τεταγμένου,
1141 1795 1202 1829 καί
1233 1806 1291 1829 τοι
1325 1795 1420 1828 κατὰ
1452 1797 1528 1828 πᾶν
1560 1794 1693 1837 ὁμοίου
1719 1804 1782 1837 (51)

278 1861 348 1902 τὴν
375 1860 490 1902 φύσιν
517 1860 765 1903 ὑπάρχοντος.
795 1861 883 1894 οὐδὲ
910 1860 982 1902 γὰρ
1009 1860 1030 1901 ἡ
1058 1860 1216 1902 τοιαύτη
1244 1859 1356 1893 πάλιν
1380 1859 1558 1899 ὑπόθεσις
1585 1860 1693 1893 ἄτολ-

280 1936 347 1966 μος
374 1924 451 1958 ἀλλ’
479 1924 510 1958 εἰ
537 1925 605 1966 χρὴ
633 1924 793 1966 τάληθές
820 1923 947 1963 εἰπεῖν,
989 1927 1119 1967 μακρῷ
1149 1926 1226 1957 τῶν
1255 1924 1468 1966 ἔμπροσθεν
1496 1923 1693 1965 ἀναισχυν-
1719 1936 1752 1961 25

278 1990 428 2032 τοτέρα,
467 1990 581 2023 πέντε
610 1988 790 2031 σιδηρίων
824 1987 965 2029 ὁμοίων
1001 1988 1173 2030 ἀλλήλοις
1202 1989 1338 2030 ἐφεξῆς
1363 1989 1606 2028 τεταγμένων
1635 1988 1694 2022 διὰ

280 2056 346 2096 μὲν
372 2057 441 2088 τοῦ
467 2054 622 2096 πρώτου
651 2054 821 2087 διαδῦναι
848 2052 986 2097 ῥᾳδίως
1012 2056 1079 2094 τῆς
1104 2052 1209 2086 λίθου
1234 2053 1282 2086 τὰ
1309 2054 1430 2095 μόρια,
1459 2052 1556 2086 κατὰ
1584 2052 1624 2086 δὲ
1649 2052 1694 2085 τὸ

280 2120 457 2162 δεύτερον
491 2118 776 2152 ἀποπάλλεσθαι
809 2119 868 2151 καὶ
896 2118 944 2159 μὴ
973 2117 1031 2151 διὰ
1059 2118 1200 2151 τούτου
1233 2117 1328 2151 κατὰ
1360 2117 1428 2150 τὸν
1460 2117 1577 2150 αὐτὸν
1610 2117 1694 2159 τρό-

279 2195 352 2218 πον
380 2185 539 2224 ἑτωμως
566 2183 824 2226 διεξέρχεσθαι.
860 2184 920 2216 καὶ
947 2183 1018 2223 μὴν
1047 2183 1234 2226 ἑκατέρως
1261 2182 1424 2216 ἄτοπον·
1465 2181 1496 2216 εἰ
1517 2182 1584 2223 μὲν
1602 2181 1694 2215 ἀπο-

279 2249 468 2290 πάλλεται,
496 2251 577 2289 πῶς
604 2248 655 2288 εἰς
680 2248 724 2281 τὸ
752 2247 879 2290 τρίτον
907 2247 1035 2288 ὠκέως
1063 2248 1303 2290 διεξέρχεται;
1331 2246 1363 2280 εἰ
1387 2245 1417 2280 δ’
1437 2247 1506 2280 οὐκ
1525 2246 1695 2280 ἀποπάλ-
1719 2261 1753 2286 30

279 2316 392 2354 λεται,
433 2316 513 2353 πῶς
549 2313 801 2354 κρεμάννυται
837 2313 881 2345 τὸ
916 2313 1095 2354 δεύτερον
1129 2312 1169 2345 ἐκ
1200 2314 1270 2346 τοῦ
1302 2312 1477 2353 πρώτου;
1520 2313 1591 2352 τὴν
1623 2311 1694 2353 γὰρ

280 2378 493 2411 ἀπόπαλσιν
522 2378 635 2418 αὐτὸς
665 2377 826 2410 ὑπέθετο
857 2377 1086 2419 δημιουργὸν
1112 2379 1180 2418 τῆς
1210 2378 1323 2417 ὁλκῆς
1350 2402 1469 2410 .....
1497 2376 1516 2409 ὁ
1537 2377 1602 2416 μὲν
1626 2375 1693 2409 οὖν

280 2441 495 2485 Ἐπίκουρος
523 2443 568 2476 τὰ
596 2443 806 2485 φαινόμενα
833 2442 1038 2484 φυλάττειν
1066 2442 1294 2483 βουλόμενος
1322 2440 1527 2483 ἀσχημονεῖ
1553 2441 1696 2481 φιλοτι-
1722 2453 1782 2483 (52)

280 2508 467 2549 μούμενος
501 2507 746 2541 ἐπιδεικνύειν
777 2508 872 2540 αὑτὰ
899 2510 979 2547 ταῖς
1006 2507 1135 2549 ἀρχαῖς
1167 2507 1429 2547 ὁμολογοῦντα
1464 2531 1694 2539 .........

179 2591 203 2608 c.
227 2585 256 2609 15
280 2573 360 2611 πῶς
393 2571 461 2604 οὖν
495 2571 668 2604 ἕλκουσιν
702 2570 754 2613 (οἱ
779 2570 945 2612 νεφροί);
991 2568 1021 2603 εἰ
1049 2570 1115 2610 μέν
1143 2570 1194 2610 ὡς
1219 2568 1435 2611 Ἐπίκουρος
1467 2569 1585 2603 οἴεται
1615 2569 1697 2609 τὰς
1720 2580 1781 2612 (59)

280 2635 417 2676 ὁλκὰς
444 2635 623 2675 ἁπάσας
648 2635 891 2676 γίγνεσθαι
918 2635 1028 2668 κατὰ
1058 2635 1135 2675 τὰς
1164 2637 1254 2668 τῶν
1281 2633 1463 2676 ἀτόμων
1491 2633 1694 2668 ἀποπάλ-

402 2786 444 2818 :27
478 2785 705 2825 διαδυόμενα
733 2785 881 2816 traditur
