1842 3250
170 1068 237 1101 457

171 1283 240 1317 458

261 225 332 261 296
760 223 940 254 EPICVR
947 223 962 254 Ι
988 222 1175 254 ETHICA

262 349 340 383 σας,
375 340 450 382 ἔχει
476 339 517 374 δὲ
543 337 640 374 καθά
666 348 736 382 περ
762 338 879 374 ξένων
906 338 1016 380 ὄχλος
1042 338 1183 380 ἔπηλυς
1209 337 1250 371 ἑν
1277 336 1384 381 δήμῳ
1411 336 1471 370 καί
1501 335 1666 378 βιαζόμε·

261 415 326 446 νος
354 404 445 448 πρὸς
469 403 559 445 τοὺς
586 403 748 446 ἐγγενεῖς
774 401 940 444 πολίτας.

262 470 306 502 cs.
332 469 551 512 Porphyrius
579 468 624 500 de
651 468 779 500 abstin.
808 474 819 499 ι
846 467 892 501 49
929 465 974 500 τὸ
1001 466 1042 500 δὲ
1069 465 1200 500 λοιπὸν
1227 465 1320 500 ὅσον
1345 463 1397 506 εἰς
1422 464 1669 499 πολυτέλειαν

261 533 472 575 πέπτωκεν,
500 532 569 566 οὐκ
595 529 803 573 ἀναγκαίαν
829 530 926 573 ἔχειν
951 531 1045 572 φασὶ
1070 531 1140 573 τὴν
1166 530 1287 573 ὄρεξιν
1313 528 1393 563 οὐδ’
1422 528 1484 562 ἀπ’
1512 527 1669 569 ἀλγοῦν-

260 598 327 639 τός
343 607 446 638 τινος
465 595 678 638 ἀναγκαίως
701 595 940 638 γιγνομένην,
971 594 1063 628 ἀλλὰ
1089 594 1159 636 τὴν
1185 594 1251 635 μὲν
1279 593 1354 627 ἀπὸ
1379 595 1448 627 τοῦ
1466 592 1489 635 ἢ
1508 594 1669 627 λυποῦν-

260 671 327 702 τος
352 659 375 702 ἢ
400 659 608 700 νύττοντος
639 658 757 699 μόνον
783 658 825 692 ἑν
848 659 903 700 τῷ
930 657 980 700 μὴ
1007 659 1190 700 παρεῖναι,
1230 656 1301 698 τὴν
1327 656 1368 691 δὲ
1395 656 1471 691 ἀπὸ
1496 659 1566 691 τοῦ
1591 655 1670 699 χαί-

262 734 407 768 ροντος,
433 724 504 767 τὴν
531 723 571 758 δὲ
599 723 696 766 ὅλως
722 722 798 756 ἀπὸ
825 724 903 756 τῶν
928 724 1051 757 κενῶν
1077 723 1137 756 καὶ
1156 721 1438 764 διεψευσμὲνων
1457 721 1669 765 δογμάτων,

262 787 285 829 ἢ
313 787 365 828 είς
398 786 510 822 οὐδὲν
542 786 705 829 φυσικὸν
737 785 919 827 ἀνάγεται
951 786 1126 827 ἔλλειμμα
1158 785 1238 819 οὐδ’
1267 784 1318 826 εἰς
1342 785 1388 819 τὸ
1415 785 1568 821 διαλῡον
1598 786 1671 830 τὴν

263 852 444 886 σύστασιν
471 851 512 885 ἐκ
537 854 607 885 τοῦ
633 850 683 893 μὴ
710 853 893 894 παρεῖναι.
938 850 1047 885 ἱκανὰ
1072 850 1143 893 γὰρ
1171 851 1231 884 καὶ
1258 850 1306 884 τὰ
1331 850 1495 892 τυχόντα
1522 852 1671 894 διακρα·

261 919 373 958 τήσαι
399 918 520 950 ταῦτα
545 915 604 958 ῆν,
631 915 685 949 ὧν
713 913 925 957 ἀναγκαίως
952 915 1070 949 δεῖται
1095 915 1118 957 ἡ
1146 915 1268 957 φύσις.
1310 917 1431 949 ταῦτα
1459 915 1499 950 δὲ
1526 916 1586 950 καί
1611 915 1671 950 διὰ

262 980 333 1022 τὴν
359 980 539 1023 λιτότητα
565 981 624 1014 καὶ
650 979 710 1014 διὰ
735 979 807 1022 τὴν
834 979 1037 1022 ὀλιγότητά
1065 979 1167 1014 ἐστιν
1194 979 1409 1022 εὐπόριστα.

376 1055 504 1108 ἔρωτι
530 1055 801 1108 φιλοσοφίας
832 1055 1038 1106 ἀληθινῆς
1066 1056 1186 1097 πᾶσα
1217 1054 1475 1107 ταραχώδης
1496 1055 1564 1098 καὶ
1585 1055 1671 1097 ἐπί-

262 1141 401 1180 πονος
432 1128 629 1180 ἐπιθυμία
660 1128 866 1171 ἐκλύεται.

263 1199 509 1236 Ponpmmvs
537 1202 581 1235 ad
607 1201 815 1235 Marcellam
841 1202 884 1236 31
912 1214 946 1245 p.
965 1201 1047 1241 209,
1066 1202 1125 1235 21.

385 1275 631 1311 PossPflYmvs
663 1278 708 1310 de
741 1278 870 1311 abstin.
901 1285 916 1310 1
944 1278 989 1311 54
1030 1277 1132 1321 παρὰ
1160 1277 1200 1311 δὲ
1226 1277 1294 1318 τὰς
1319 1278 1497 1319 τοιαύτας
1522 1278 1583 1312 καὶ
1606 1277 1675 1318 τὰς

265 1342 458 1384 ὁμογενεῖς
485 1341 604 1384 αἰτίας
630 1343 690 1376 καὶ
716 1342 740 1385 ἡ
767 1345 836 1376 τοῦ
863 1344 930 1384 ζῆν
950 1343 1143 1385 ἄπληστος
1161 1343 1278 1385 ὄρεξις
1296 1341 1462 1384 γίγνεται
1481 1343 1541 1376 καὶ
1559 1342 1672 1377 πλού-

265 1417 334 1440 του
362 1407 422 1441 καί
447 1406 651 1450 χρημάτων
683 1408 743 1441 καὶ
775 1408 884 1451 δόξης
910 1410 965 1451 τῷ
992 1407 1241 1449 συναυξήσειν
1273 1418 1314 1441 τε
1340 1406 1503 1450 νομίζειν
1528 1407 1574 1441 τὸ
1600 1409 1675 1446 πᾶν

266 1470 409 1512 ἀγαθὸν
436 1471 506 1505 σὺν
532 1470 661 1511 αὐτοῖς
687 1471 748 1505 διὰ
773 1473 842 1504 τοῦ
868 1470 1042 1512 πλείονος
1073 1471 1210 1514 χρόνον)
1240 1472 1299 1505 καὶ
1325 1472 1369 1505 τὸ
1395 1473 1489 1506 κατὰ
1516 1472 1584 1508 τὸν
1610 1475 1674 1508 θά-

267 1541 382 1570 νατον
417 1534 541 1570 δεινὸν
574 1535 624 1576 ὡς
659 1533 873 1578 ἀπέραντον
905 1536 1114 1576 φοβεῖσθαι.
1158 1535 1277 1577 ἡδονὴ
1308 1535 1348 1568 δὲ
1375 1536 1397 1578 ἡ
1427 1535 1487 1569 διὰ
1516 1539 1674 1572 πολυτε·

266 1599 367 1641 λείας
392 1600 480 1634 οὐδὲ
509 1600 620 1641 ἐγγὺς
646 1599 758 1635 τείνει
784 1601 851 1643 τῆς
870 1599 916 1633 δι’
936 1598 1161 1642 αὐταρκείας
1185 1602 1242 1643 τῷ
1270 1601 1533 1646 πεπειραμὲνῳ
1550 1611 1673 1644 γιγνο-

269 1664 397 1708 μένης·
426 1664 522 1698 πολὺ
549 1664 620 1708 γὰρ
646 1663 691 1698 τὸ
720 1663 791 1706 ἡδὺ
819 1664 860 1698 ἐν
885 1666 940 1708 τῷ
967 1667 1167 1698 κατανοεῖν
1188 1664 1292 1698 ὅσων
1311 1665 1426 1706 αὐτὸς
1443 1665 1570 1709 χρείαν
1589 1666 1674 1709 ἔχει.

267 1727 444 1773 ἀρθείσης
460 1727 533 1771 γὰρ
550 1726 805 1771 πολυτελείας,
835 1727 1011 1771 ἀρθείσης
1034 1730 1102 1770 τῆς
1128 1729 1211 1772 περὶ
1237 1728 1284 1762 τὰ
1311 1728 1513 1773 ἀφροδίσια
1532 1730 1675 1774 πτοίας,

271 1807 286 1823 t
315 1794 383 1835 τῆς
410 1793 481 1829 ἔξω
507 1792 719 1837 φιλοτιμίας
749 1792 804 1834 τίς
836 1793 969 1828 λοιπὸν
1000 1793 1104 1836 χρεία
1141 1793 1309 1827 πλούτου
1336 1792 1455 1837 ἀργοῦ
1482 1794 1534 1836 εἰς
1586 1795 1677 1838 ηδέν

268 1859 357 1900 ἡμῖν
384 1859 678 1902 χρησιμεύοντος
710 1857 803 1893 ἀλλὰ
835 1858 951 1900 μόνον
979 1857 1228 1902 βαρήσοντος;
1274 1874 1288 1888 ι
1323 1872 1336 1886 ι
1367 1859 1438 1899 ἐ’ως
1463 1859 1508 1893 τὸ
1535 1862 1677 1903 πεπλη-

268 1924 414 1965 ρῶσθαι
444 1922 611 1966 γίγνεται
645 1924 704 1957 καὶ
730 1923 753 1965 ἡ
782 1923 823 1957 ἐκ
848 1926 918 1957 τοῦ
944 1923 1122 1958 τοιούτου
1153 1923 1268 1967 κόρου
1302 1923 1421 1966 ἡδονὴ
1455 1923 1676 1967 ἀκραιφνὴς.

269 1987 324 2021 δεῖ
357 1987 396 2022 δὲ
429 1989 488 2022 καὶ
514 1987 558 2022 τὸ
584 1990 693 2030 σῶμα
720 1986 908 2023 ἀπεθίζειν
935 1988 988 2029 ὡς
1014 1987 1097 2022 οἶόν
1124 1998 1165 2022 τε
1192 1989 1259 2030 τῆς
1294 1990 1363 2022 τοῦ
1396 1988 1511 2031 κόρου
1537 1989 1678 2031 ἡδονῆς

269 2051 329 2086 διὰ
354 2054 422 2095 τῆς
445 2052 541 2087 κατὰ
567 2052 636 2094 τὴν
663 2055 798 2087 πεῖναν
824 2053 1044 2095 πλησμονῆς
1071 2051 1355 2096 καταγεύεσθαι,
1382 2052 1444 2087 ἰ’να
1472 2052 1536 2098 (εὖ
1556 2052 1676 2097 ἔχων)

392 2163 406 2195 1
436 2161 544 2206 δήμῳ
563 2162 879 2205 καταβιαζόμενος
896 2162 981 2195 libri
1020 2161 1026 2204 ί
1063 2161 1084 2196 5
1113 2160 1326 2204 ἀναγκαίως
1344 2162 1488 2194 delebat
1507 2163 1678 2206 Gomper-

269 2222 345 2254 zius
371 2222 535 2256 zeitschr.
545 2222 584 2266 f.
605 2228 754 2255 oesterr.
767 2232 896 2265 gymn.
919 2220 1010 2255 1866
1027 2232 1061 2265 p.
1081 2221 1150 2254 708
1185 2223 1190 2262 1
1226 2221 1248 2253 6
1274 2219 1472 2263 χαίροντος
1499 2221 1528 2253 si
1555 2232 1678 2254 uerum

270 2286 324 2312 est
342 2291 412 2312 non
431 2280 523 2312 bene
542 2281 670 2312 dicitur
704 2280 711 2323 Ι
746 2281 765 2312 7
784 2280 882 2321 ὅλως
901 2286 980 2312 ante
999 2279 1021 2314 6
1036 2279 1111 2313 ἀπὸ
1129 2282 1199 2313 τοῦ
1217 2279 1312 2317 libri,
1327 2280 1463 2312 traiecit
1481 2279 1655 2312 Reiskius
1675 2278 1681 2324 1

269 2337 486 2383 δογμάτων]
505 2338 612 2371 immo
631 2338 752 2374 δοξῶν
785 2338 800 2383 ΙΙ
834 2340 875 2373 12
894 2339 1006 2383 ἔρωτι
1023 2339 1108 2382 γὰρ
1126 2337 1355 2381 φιλοσοφίας
1373 2337 1552 2381 ἀληθινῆς
1569 2340 1679 2371 uerba

269 2399 329 2431 uix
348 2399 523 2442 Epicurea
544 2398 550 2442 Ι
572 2399 617 2431 de
643 2409 680 2431 re
706 2399 748 2432 cf.
768 2399 900 2442 Porph.
919 2399 964 2431 de
984 2398 1073 2431 abst.
1092 2405 1107 2431 Ι
1125 2399 1172 2431 50
1189 2397 1294 2440 (infra
1311 2398 1353 2431 fr.
1372 2397 1456 2441 481)
1473 2398 1539 2441 Ep.
1559 2408 1614 2441 ep.
1633 2404 1679 2431 111

273 2457 339 2491 122
361 2463 440 2496 cet„
464 2458 637 2490 Horatius
665 2463 729 2492 sat.
755 2465 785 2491 Π
804 2459 836 2497 7,
856 2457 997 2491 83—-88
1039 2457 1053 2501 ἰΙ
1098 2458 1141 2490 16
1167 2456 1344 2491 πλούτων
1371 2456 1452 2488 libri
1489 2457 1495 2499 1
1538 2457 1578 2490 17
1606 2455 1678 2502 τῷ]

270 2519 339 2550 τοῦ
357 2517 438 2549 libri
474 2518 479 2558 Ι
513 2517 558 2550 22
587 2516 763 2559 ἀρθείσης
783 2515 868 2560 (δὲ)
887 2518 955 2559 τῆς
971 2516 1156 2549 Nauckius
1191 2516 1196 2558 Ι
1231 2516 1276 2550 23
1304 2515 1480 2560 ἀρθείσης
1505 2520 1584 2548 ante
1611 2518 1680 2559 τῆς

272 2576 487 2619 supplebant
505 2580 612 2614 recte,
631 2577 694 2608 sed
709 2576 780 2611 ἔξω
795 2586 918 2609 sanum
937 2586 1009 2609 non
1027 2580 1095 2609 est:
1116 2587 1160 2608 au
1178 2575 1263 2608 latet
1282 2574 1464 2616 ἑξώλουςέ
1494 2574 1501 2618 Ι
1531 2574 1578 2608 24
1591 2584 1679 2618 χρη-

272 2633 518 2675 σιμεύσοντος
545 2634 636 2668 coni.
655 2635 840 2667 Nauckius
863 2635 868 2678 Ι
892 2634 1135 2678 βαρήσοντος,
1164 2634 1216 2675 ὡς
1241 2633 1286 2667 τὸ
1312 2634 1396 2666 libri
1442 2636 1447 2675 ί
1493 2632 1539 2667 26
1553 2644 1604 2677 sq.
1632 2634 1677 2665 de

272 2692 449 2724 sententia
467 2693 509 2726 cf.
530 2693 571 2725 fr.
594 2692 661 2726 158
707 2694 712 2731 ί
759 2692 803 2726 27
832 2692 907 2737 διὰ]
935 2693 980 2726 οὐ
1005 2692 1086 2725 libri
1109 2691 1114 2736 Ι
1137 2695 1270 2727 πεῖναν
1297 2691 1518 2725 Felicianus:
1545 2689 1678 2726 πενίαν

273 2751 354 2784 libri
379 2759 383 2794 ᾗ
406 2753 627 2796 πλησμονῆς
654 2752 712 2786 καὶ
739 2752 914 2796 γεύεσθαι
942 2752 1025 2785 libri
1048 2749 1054 2796 Ι
1076 2756 1158 2796 post
1175 2751 1236 2786 ἵνα
1263 2751 1417 2784 fenestra
1441 2756 1493 2782 est
1514 2750 1551 2782 in
1575 2750 1677 2783 libris

1697 924 1728 949 10

1701 1286 1730 1312 15

1698 1611 1733 1637 20
