1846 3288
1471 214 1518 248 35

381 867 691 911 ΕΠΙΚΟΥΡΟΣ
725 865 1000 910 ΠΥΘΟΚΛΕΙ
1034 864 1239 908 ΧΑΙΡΕΙΝ

29 979 74 1013 84
212 972 395 1023 Ἤνεγκέ
428 987 498 1026 μοι
531 974 678 1015 Κλέων
710 974 945 1024 ἐπιστολὴν
976 974 1094 1024 παρὰ
1125 974 1221 1022 σοῦ,
1260 972 1307 1014 έν
1338 971 1363 1026 ῇ
1396 974 1518 1022 φιλο-

100 1046 408 1099 φρονούμενός
439 1060 485 1089 τε
517 1047 614 1098 περὶ
643 1046 756 1098 ἡμᾶς
794 1047 999 1097 διετέλεις
1039 1045 1169 1096 ἀξίως
1199 1047 1276 1096 τῆς
1306 1044 1521 1096 ἡμετέραις

98 1119 196 1171 περὶ
233 1120 424 1161 σεαυτὸν
455 1121 654 1170 σπουδῆς
691 1119 759 1160 καὶ
791 1119 869 1161 οὐκ
901 1118 1125 1169 ἀπιθάνως
1164 1118 1323 1169 ἐπειρῶ
1361 1130 1519 1167 μνημο-

61 1209 76 1232 r-
100 1192 242 1234 νεύειν
272 1194 360 1234 τῶν
393 1191 454 1242 εἰς
487 1191 697 1243 μακάριον
729 1191 822 1243 βίον
855 1191 1175 1232 συντεινόντων
1214 1192 1521 1241 διαλογισμῶν,

102 1263 228 1306 ἐδέου
260 1278 307 1305 τε
339 1267 513 1318 σεαυτῷ
553 1265 650 1315 περὶ
691 1266 779 1305 τῶν
819 1263 1048 1314 μετεώρων
1089 1264 1310 1312 σύντομον
1347 1263 1416 1304 καὶ
1453 1262 1520 1303 εὐ-

100 1337 373 1389 περίγραφον
411 1337 696 1387 διαλογισμὸν
737 1335 1004 1385 ἀποστεῖλαι,
1048 1336 1120 1377 ἵνα
1163 1336 1324 1389 ῥᾳδίως
1362 1349 1520 1386 μνημο-

101 1409 252 1464 νεύῃς·
284 1411 337 1451 τὰ
364 1410 447 1461 γὰρ
471 1409 517 1451 έν
541 1408 690 1459 ἄλλοις
721 1409 819 1459 ἡμῖν
850 1409 1125 1460 γεγραμμένα
1157 1409 1520 1459 δυσμνημόνευτα

103 1481 221 1534 εἶναι,
253 1483 321 1524 καί
352 1496 430 1533 τοι,
463 1481 523 1532 ῶς
555 1481 678 1533 ἔφης,
711 1484 910 1532 συνεχῶς
943 1482 1051 1523 αὐτὰ
1085 1481 1354 1534 βαστάζοντι.
1401 1482 1521 1531 ἡμεῖς

49 1572 79 1595 ιο
103 1557 151 1597 δὲ
189 1556 332 1606 ἡδέως
373 1569 419 1597 τε
458 1557 541 1597 σοῦ
580 1556 658 1604 τὴν
703 1556 854 1604 δέησιν
900 1554 1199 1605 ἀπεδεξάμεθα
1245 1554 1311 1595 καὶ
1354 1554 1521 1595 ἐλπίσιν

31 1640 76 1672 85
101 1629 266 1680 ἡδείαις
308 1629 645 1679 συνεσχέθημεν.
707 1627 958 1679 γράψαντες
997 1626 1076 1669 οὖν
1118 1628 1171 1668 τὰ
1210 1628 1337 1669 λοιπὰ
1380 1627 1520 1668 πάντα

102 1703 398 1751 συντελοῦμεν
437 1699 547 1752 ἅπερ
584 1701 776 1751 ἠξίωσας
813 1702 993 1751 πολλοῖς
1032 1701 1099 1741 καὶ
1141 1699 1290 1750 ἄλλοις
1329 1700 1521 1749 ἐσόμενα

102 1773 289 1825 χρήσιμα
320 1773 373 1814 τὰ
405 1773 720 1824 διαλογίσματα
741 1775 889 1823 ταῦτα,
922 1773 991 1813 καὶ
1022 1772 1208 1822 μάλιστα
1240 1775 1330 1823 τοῖς
1362 1773 1521 1814 νεωστὶ

103 1846 392 1898 φυσιολογίας
432 1846 614 1897 γνησίου
656 1848 911 1897 γευομένοις
957 1846 1027 1887 καὶ
1067 1848 1158 1896 τοῖς
1202 1845 1263 1896 εἰς
1309 1845 1520 1896 ἀσχολίας

49 1937 79 1962 15
105 1920 345 1971 βαθυτέρας
382 1921 471 1962 τῶν
503 1919 739 1968 ἐγκυκλίων
777 1919 895 1969 τινὸς
938 1919 1316 1969 ἐμπεπλεγμένοις.
1378 1921 1522 1968 καλῶς

103 1992 154 2042 δὴ
188 1991 299 2033 αὐτὰ
329 1991 520 2044 διάλαβε,
551 1992 621 2034 καὶ
652 1993 721 2033 διὰ
754 1992 920 2043 μνήμης
952 1991 1066 2043 ἔχων
1098 1992 1235 2041 ὀξέως
1267 1991 1377 2032 αὐτὰ
1407 2005 1522 2042 περι-

103 2064 230 2106 όδευε
271 2065 377 2115 μετὰ
413 2067 502 2106 τῶν
544 2066 708 2106 λοιπῶν
747 2063 808 2105 ὧν
851 2065 898 2106 ἐν
934 2068 985 2119 τῇ
1026 2068 1150 2119 μικρᾷ
1194 2064 1372 2118 ἐπιτομῇ
1412 2065 1521 2114 πρὸς

100 2134 338 2188 Ἡρόδοτον
371 2136 698 2188 ἀπεστείλαμεν.

224 2293 240 2326 1
270 2292 450 2336 ἐπιστολὴ
482 2293 686 2337 ἐπικούρου
713 2303 771 2334 mg
796 2294 826 2326 F
873 2293 888 2337 ΙΙ
936 2293 958 2326 2
984 2293 1069 2337 περὶ
1097 2296 1167 2329 σοι’)
1195 2295 1227 2336 Q
1268 2293 1284 2337 ss
1326 2293 1347 2327 3
1374 2305 1415 2327 τε
1442 2300 1522 2327 autc

102 2351 187 2394 περὶ
213 2362 271 2383 om
297 2353 328 2384 F
368 2349 386 2397 ΙΙ
425 2353 447 2385 4
475 2352 517 2386 σὲ
547 2352 666 2386 αὐτὸν
692 2353 720 2384 Β
759 2352 764 2394 1
800 2351 1038 2393 ἀπειθάνιως
1063 2353 1092 2383 F
1134 2351 1148 2395 ῃ
1193 2354 1214 2385 6
1241 2352 1301 2386 ἐδέ
1328 2350 1417 2387 οὒτε
1445 2364 1523 2385 cum

103 2419 170 2442 ras.
197 2420 305 2453 supra
330 2420 353 2444 υ
379 2410 425 2442 1²¹
460 2411 466 2452 1
502 2411 544 2445 σὲ
571 2410 677 2444 αὐτῶ
703 2412 733 2442 Β
762 2420 820 2442 om
846 2411 875 2443 F
897 2412 903 2452 Ι
935 2418 1004 2444 συν
1080 2411 1139 2445 καὶ
1167 2421 1246 2443 eum
1274 2412 1427 2443 fenestra
1454 2412 1485 2454 Q
1520 2411 1524 2455 ᾗ

103 2466 382 2512 ἑνπερίγραφον
410 2470 426 2500 s
462 2466 480 2515 ΙΙ
521 2470 542 2502 7
569 2468 821 2513 ἀπο[στεῑλαι]
850 2469 899 2501 13²
921 2468 926 2511 Ι
950 2467 1220 2514 μνημονεύ[ης]
1248 2471 1283 2502 Η
1325 2470 1340 2512 Η
1382 2471 1404 2503 9
1430 2469 1522 2514 [καί]

101 2535 162 2559 τοι
179 2526 227 2558 P²
249 2527 255 2568 1
279 2526 475 2569 βαστάζειν
501 2527 597 2560 libri.
632 2527 827 2570 βαστάζεις
849 2528 1082 2561 casaubonus
1118 2528 1133 2571 n
1170 2529 1213 2561 10
1239 2528 1282 2563 τέ
1308 2537 1379 2563 σου
1406 2530 1493 2561 FHf
1513 2528 1524 2574 ἧς

107 2585 144 2617 11
173 2584 330 2630 ἡδείαις]
352 2585 460 2628 ἰδίαις
478 2588 507 2619 F
529 2585 534 2631 Ι
557 2587 812 2629 συνεχέθημεν
832 2587 864 2628 Q
886 2587 892 2630 Ι
914 2587 1027 2621 λοιπὰ
1045 2585 1185 2631 πάντα]
1207 2587 1287 2621 fort.
1306 2587 1487 2622 λείποντα
1514 2586 1525 2633 Η

108 2643 149 2676 13
175 2642 288 2688 ἐξοᾙς
313 2644 342 2676 F
396 2644 412 2687 Η
469 2646 511 2678 14
537 2646 779 2687 γεγευμένοις
805 2646 854 2677 Ff
887 2647 893 2687 1
932 2646 993 2680 καὶ
1136 2646 1177 2678 15
1205 2645 1524 2689 ἐμπεπλεγμένοις

104 2703 236 2734 omissa
261 2703 298 2735 in
323 2714 393 2744 mg.
420 2704 587 2736 inferiore
615 2705 759 2747 supplet
779 2706 807 2736 F
834 2715 891 2736 om
912 2705 950 2747 s}
974 2707 1053 2745 τοῖς
1080 2704 1242 2747 eid-&q
1271 2707 1299 2736 F
1333 2704 1348 2749 Η
1385 2705 1428 2737 W»
1455 2706 1524 2739 διέ-

103 2761 190 2803 λαβε
218 2761 250 2802 Q
272 2762 279 2805 1
300 2762 410 2805 ἔχωνξ
438 2764 542 2804 ἄγων
571 2764 598 2794 F
621 2764 626 2804 Ι
650 2763 856 2806 περιώδευε
882 2765 911 2794 F
1432 2778 1489 2808 3*
