1842 3250
197 1119 255 1145 .18

282 229 353 262 272
779 229 985 261 EPICVRI
1010 229 1200 261 ETHICA
1555 229 1596 262 fr.
1625 229 1694 262 397

331 354 402 375 non
427 342 545 386 placet
580 348 696 375 autem
723 343 879 375 detracta
910 343 1096 386 uoluptate
1130 343 1388 384 aegritudinem
1421 344 1539 375 statim
1572 354 1696 376 conse-

281 409 353 451 qui,
381 406 449 439 nisi
476 407 512 439 in
538 407 733 450 uoluptatis
761 407 879 440 locum
907 408 1011 440 dolor
1038 408 1130 440 forte
1157 408 1385 440 successerit:
1413 414 1448 439 at
1473 413 1595 440 contra
1611 418 1694 449 gau·

280 474 365 504 dere
391 477 530 504 nosmet
557 472 763 504 omittendis
790 472 979 504 doloribus
1006 473 1108 504 etiam
1128 473 1158 504 si
1177 472 1344 514 uoluptas
1363 482 1415 510 ea,
1442 482 1533 514 quae
1552 482 1694 503 sensum

280 542 434 574 moueat,
469 536 568 567 nulla
596 537 818 570 successerit.
871 547 986 580 eoque
1014 537 1176 578 intellegi
1204 542 1333 579 potest,
1370 542 1501 579 quanta
1527 535 1694 578 uoluptas

281 601 324 633 sit
351 611 423 632 non
448 599 582 633 dolere.

329 663 392 695 sed
419 668 456 694 ut
481 664 526 695 iis
551 664 657 696 bonis
683 665 850 705 erigimur
874 675 965 708 quae
992 671 1249 708 exspectamus,
1277 666 1326 697 sic
1351 666 1522 698 laetamur
1540 665 1583 697 iis
1603 675 1694 708 quae

280 727 517 761 recordamur.
572 728 673 759 stulti
703 734 819 760 autem
853 728 1025 760 malorum
1058 729 1227 761 memoria
1255 733 1475 771 torquentur,
1514 730 1694 771 sapientes

280 792 375 824 bona
393 792 583 834 praeterita
608 796 707 831 grata
734 791 982 822 recordatione
1009 796 1178 822 renouata
1204 791 1393 823 delectant.
1429 796 1483 822 est
1509 798 1624 823 autem
1651 793 1695 824 si·

280 862 353 888 tum
379 857 414 888 in
443 856 560 893 nobis,
599 862 637 887 ut
664 860 698 887 et
726 856 875 887 aduersa
901 856 1003 898 quasi
1029 862 1200 898 perpetua
1227 855 1415 887 obliuione
1442 856 1632 888 obruamus
1660 860 1695 888 et

281 921 436 953 secunda
461 921 615 953 iucunde
643 931 681 952 ac
709 921 864 952 suauiter
890 920 1166 953 meminerimus.
1214 921 1276 952 sed
1306 931 1385 952 cum
1411 931 1451 952 ea
1479 931 1569 962 quae
1594 931 1694 963 prae·

280 986 451 1018 terierunt
482 986 553 1017 acri
590 985 705 1017 animo
740 991 773 1016 et
807 991 941 1017 attento
976 986 1163 1022 intuemur,
1203 992 1275 1017 turn
1303 985 1340 1016 fit
1366 991 1404 1017 ut
1431 985 1615 1026 aegritudo
1643 996 1694 1017 se·

281 1058 418 1093 quatur,
447 1050 476 1081 si
503 1050 567 1081 illa
593 1050 685 1081 mala
712 1050 791 1087 sint,
819 1049 957 1081 laetitia
984 1050 1014 1081 si
1040 1050 1145 1083 bona.
1174 1074 1292 1082 .....

329 1114 465 1146 Clamat
491 1114 668 1156 Epicurus
697 1139 704 1146 .
723 1140 728 1146 .
746 1140 753 1146 .
771 1139 778 1146 .
806 1124 878 1146 non
903 1125 1011 1157 posse
1039 1114 1191 1146 iucunde
1219 1114 1304 1151 uiui,
1333 1114 1402 1145 nisi
1428 1114 1607 1157 sapienter
1633 1114 1695 1146 ho-

280 1184 380 1210 neste
416 1179 580 1220 iusteque
616 1179 767 1215 uiuatur,
808 1189 873 1210 nec
907 1179 1085 1221 sapienter
1111 1179 1262 1210 honeste
1289 1179 1392 1215 iuste,
1433 1179 1502 1210 nisi
1528 1179 1694 1211 iucunde.

281 1254 396 1286 neque
424 1243 517 1275 enim
545 1243 671 1274 ciuitas
699 1243 734 1274 in
763 1243 940 1275 seditione
968 1243 1074 1275 beata
1108 1254 1186 1275 esse
1213 1250 1333 1286 potest
1359 1253 1424 1275 nec
1450 1244 1486 1275 in
1515 1243 1695 1275 discordia

281 1308 506 1340 dominorum
533 1308 679 1339 domus:
721 1318 790 1350 quo
824 1309 940 1340 minus
975 1309 1112 1340 animus
1139 1319 1158 1339 a
1185 1319 1222 1339 se
1250 1309 1327 1350 ipse
1353 1308 1533 1340 dissidens
1561 1318 1695 1340 secum-

280 1383 348 1415 que
375 1372 585 1404 discordans
613 1378 754 1412 gustare
779 1378 916 1414 partem
950 1372 1058 1404 ullam
1084 1372 1245 1414 liquidae
1275 1372 1470 1415 uoluptatis
1499 1377 1532 1403 et
1558 1372 1694 1404 liberae

279 1442 410 1480 potest.
462 1436 559 1479 atqui
586 1437 830 1479 pugnantibus
858 1442 893 1468 et
922 1437 1107 1468 contrariis
1135 1437 1263 1468 studiis
1291 1437 1524 1479 consiliisque
1557 1447 1696 1480 semper

280 1507 382 1533 utens
412 1501 501 1533 nihil
530 1501 643 1542 quieti
671 1501 806 1538 uidere,
842 1501 934 1532 nihil
959 1500 1142 1543 tranquilli
1168 1506 1300 1544 potest.
1354 1502 1450 1543 quod
1479 1501 1509 1532 si
1536 1501 1694 1542 corporis

279 1565 504 1605 grauioribus
532 1565 666 1597 morbis
695 1566 789 1596 uitae
816 1565 1016 1597 iucunditas
1042 1565 1234 1607 inpeditur,
1273 1571 1406 1607 quanto
1439 1565 1552 1606 magis
1589 1566 1693 1597 animi

278 1630 413 1661 morbis
446 1630 600 1672 inpediri
632 1640 779 1662 necesse
810 1636 873 1661 est.
929 1630 1034 1661 animi
1067 1636 1183 1661 autem
1216 1630 1333 1661 morbi
1366 1636 1447 1661 sunt
1480 1631 1693 1673 cupiditates

277 1695 458 1726 inmensae
485 1700 519 1726 et
544 1695 668 1726 inanes
702 1694 906 1725 diuitiarum
941 1693 1078 1734 gloriae
1111 1693 1379 1732 dominationis,
1419 1694 1694 1726 libidinosarum

279 1760 382 1791 etiam
416 1759 659 1801 uoluptatum;
703 1759 877 1790 accedunt
910 1758 1151 1799 aegritudines
1185 1758 1371 1790 molestiae
1402 1768 1593 1799 maerores=
1634 1759 1695 1800 qui

279 1824 433 1855 exedunt
471 1823 606 1854 animos
645 1822 910 1864 conficiuntque
946 1822 1038 1854 curis
1075 1821 1259 1854 hominum
1299 1833 1370 1854 non
1408 1822 1694 1863 intellegentium

277 1887 368 1919 nihil
395 1887 593 1919 dolendum
620 1898 699 1919 esse
725 1887 854 1926 animm
895 1886 993 1928 quod
1026 1887 1072 1918 sit
1105 1897 1124 1918 a
1163 1886 1289 1918 dolore
1323 1888 1482 1929 corporis
1515 1887 1695 1930 praesenti

277 1952 444 1984 futuroue
471 1953 679 1984 seiunctum.
724 1962 790 1983 nec
817 1962 902 1983 uero
931 1952 1117 1994 quisquam
1145 1950 1274 1983 stultus
1302 1962 1374 1983 non
1400 1952 1527 1984 horum
1553 1952 1694 1985 morbo·

278 2027 353 2048 rum
380 2016 501 2059 aliquo
531 2015 682 2054 laborat,
721 2026 824 2048 nemo
856 2016 965 2057 igitur
991 2017 1127 2048 stultus
1154 2026 1226 2048 non
1253 2016 1368 2047 miser.
1421 2017 1557 2048 accedit
1590 2017 1693 2048 etiam

278 2091 371 2113 mors
402 2091 491 2122 quae
525 2081 626 2123 quasi
658 2090 779 2112 saxum
805 2079 958 2112 Tantalo
992 2090 1131 2122 semper
1156 2080 1340 2122 inpendet,
1378 2086 1446 2112 tum
1476 2082 1692 2123 superstitio,

278 2155 348 2188 qua
374 2145 435 2187 qui
461 2150 514 2177 est
541 2145 697 2177 imbutus
726 2145 869 2187 quietus
897 2155 977 2176 esse
1003 2155 1192 2187 numquam
1218 2150 1345 2187 potest.
1391 2152 1572 2188 praeterea
1599 2146 1694 2177 bona

278 2210 465 2251 praeterita
491 2220 562 2240 non
588 2210 835 2251 meminerunt,
861 2209 1110 2252 praesentibus
1138 2220 1208 2241 non
1237 2210 1415 2242 fruuntur:
1445 2211 1561 2241 sutura
1584 2212 1692 2242 modo

279 2280 500 2316 exspectant:
529 2284 618 2316 quae
641 2275 724 2316 quia
750 2280 844 2306 certa
871 2285 950 2306 esse
976 2285 1048 2306 non
1066 2279 1228 2317 possunt,
1256 2274 1490 2306 conficiuntur
1509 2279 1542 2306 et
1561 2285 1693 2315 angore

279 2344 313 2370 et
338 2343 432 2369 metu
450 2338 679 2381 'maximeque
706 2339 919 2376 cruciantur,
946 2349 1024 2371 cum
1051 2349 1130 2370 sero
1157 2339 1313 2370 sentiunt
1341 2340 1469 2371 frustra
1495 2349 1532 2370 se
1560 2344 1617 2371 aut
1636 2350 1694 2381 pe-

279 2403 403 2434 cuniae
437 2403 616 2434 studuisse
645 2409 703 2434 aut
729 2403 887 2446 imperiis
915 2408 974 2435 aut
1004 2403 1135 2446 opibus
1162 2409 1221 2435 aut
1247 2403 1394 2443 gloriae.
1447 2403 1564 2435 nullas
1600 2405 1692 2435 enim

279 2472 516 2498 consecuntur
542 2466 760 2509 uoluptates,
795 2477 942 2510 quarum
969 2467 1134 2509 potiendi
1164 2478 1226 2510 spe
1254 2467 1457 2499 inflammati
1484 2467 1617 2499 multos
1643 2468 1691 2499 la-

402 2582 418 2613 1
454 2581 498 2613 de
531 2587 656 2624 quarto
690 2588 897 2622 argumento
929 2582 973 2614 ad
1007 2581 1228 2624 uoluptatem
1262 2582 1426 2613 stabilem
1461 2582 1691 2613 euincendam

278 2639 386 2679 longe
412 2640 623 2680 grauissimo
650 2641 732 2672 uide
761 2641 799 2673 fr.
821 2641 890 2673 450
916 2641 959 2673 cf.
988 2641 1027 2672 fr.
1048 2640 1116 2673 424
1172 2640 1176 2681 l
1233 2641 1253 2672 6
1281 2641 1325 2671 de
1353 2641 1478 2681 quinto
1506 2641 1621 2682 capite
1647 2641 1691 2671 cf.

279 2699 319 2730 fr.
339 2698 408 2731 453
462 2699 466 2737 ξ
523 2699 564 2730 15
585 2710 635 2741 sq.
664 2700 788 2731 iterum
814 2699 1003 2731 Platonem
1039 2699 1202 2741 exprimit
1228 2700 1279 2730 rei
1305 2710 1339 2740 p.
1367 2706 1380 2730 ῐ
1408 2699 1454 2732 23
1482 2710 1514 2741 p.
1534 2699 1620 2732 352·
1648 2698 1690 2731 ef.

278 2765 319 2789 IX
338 2755 476 2799 p.=‘190d
522 2758 527 2798 Ι
574 2757 619 2790 27
646 2759 782 2790 stultus
808 2759 984 2790 Baiterus:
1014 2763 1066 2789 est
1091 2757 1174 2789 libri

1718 674 1780 706 (57)

1723 932 1752 954 10

1719 1250 1781 1282 (58)

1720 1320 1751 1343 16

1718 1507 1779 1540 (59)

1719 1573 1751 1597 20

1718 2025 1780 2057 (60)

1718 2218 1752 2242 80
