1846 3288
494 274 560 305 DE
586 274 795 307 LAERTII
822 271 1121 307 sCmPTIONE
1341 275 1519 308 XXXIII

103 391 239 429 uerbis
272 387 328 439 (u.
349 387 509 441 51—3)
532 403 556 427 a
586 390 667 427 fine
700 391 902 439 epistulae
933 391 1150 440 dirempta.
1183 402 1290 428 nunc
1312 403 1417 440 quae
1439 393 1519 430 huc

103 470 236 508 usque
256 457 448 495 Frobenii
477 457 740 506 interpolatio
772 457 1085 497 oblitterauerat
1116 458 1230 507 signa
1263 459 1372 497 clara
1402 471 1518 498 acce-

104 527 209 563 dunt
249 524 498 563 transitionis
540 524 711 562 formula
748 523 942 573 μετιτέον
981 523 1028 565 δὲ
1061 522 1128 565 ἐπὶ
1167 523 1245 574 τὴν
1282 523 1518 577 ἐπιστολήν

105 591 163 644 (u.
189 592 260 639 38)
295 592 413 642 longe
443 603 468 628 a
500 592 591 629 loco
623 603 697 628 suo
730 591 787 638 (u.
820 591 891 642 47)
926 594 1095 632 traiecta
1125 599 1166 630 et
1196 593 1347 632 usitata
1377 595 1444 632 illa
1474 595 1518 633 li-

108 659 332 698 brariorum
364 659 590 696 admonitio
622 658 674 708 (u.
706 656 776 709 48)
808 657 857 699 τὸ
890 658 1006 710 ἑξῆς·
1038 659 1174 700 Δοκεῖ
1206 657 1243 700 δ’
1276 658 1421 712 αὐτοῖς
1449 683 1516 703 -.

107 739 216 776 quae
257 728 291 764 si
323 727 587 776 reputaueris‚
620 727 757 764 statim
791 728 934 765 uideas
969 728 1067 777 quid
1103 729 1311 766 acciderit.
1372 730 1518 768 Libros

106 796 162 832 de
199 795 292 832 uitis
329 790 667 843 philosophorum
697 796 822 831 multo
861 795 1125 844 antiquiores,
1163 808 1313 846 nempe
1344 796 1518 836 Neronis

107 868 176 900 aut
220 861 452 899 Flauiorum
496 867 681 910 tempore
728 862 782 899 ad
828 862 1105 900 mulierculam
1148 861 1347 903 doctam¹
1386 866 1517 915 qualis

105 929 317 979 Pamphila
350 928 422 966 suit
453 929 643 977 scriptos,
674 928 810 966 editor
839 927 1065 976 (Laertium
1095 930 1231 968 licebit
1262 931 1418 980 dicere)
1444 945 1517 971 an—

107 1003 275 1047 tequam
309 996 348 1033 in
383 995 589 1034 officinam
620 996 821 1033 librariam
852 997 1045 1046 mitteret,
1087 1008 1256 1035 auxerat
1294 998 1437 1037 libellis
1468 1005 1519 1039 IV

105 1064 314 1113 Epicureis
360 1064 533 1102 adiectis
580 1070 620 1101 et
667 1064 905 1102 doctissima
950 1065 1004 1102 de
1049 1066 1245 1114 sapientis
1290 1069 1516 1106 secundum

107 1131 326 1181 Epicurum
357 1129 501 1168 officiis
533 1132 726 1180 epitome.
790 1130 897 1168 hanc
927 1132 1134 1181 epitomen
1167 1132 1306 1171 charta
1336 1135 1518 1185 interpo-

106 1198 182 1236 sita
225 1209 310 1236 non
351 1198 554 1250 capiebat,
595 1199 763 1236 ultimae
800 1199 886 1236 eius
919 1200 1148 1238 sententiae
1177 1202 1349 1250 margini
1387 1202 1428 1239 in
1467 1215 1516 1240 ea

103 1266 256 1315 pagina
297 1257 788 1303 uetustioris‘uoluminis
826 1266 1127 1305 adscribendae
1166 1274 1297 1310 erant,
1341 1280 1446 1317 quae
1493 1284 1516 1307 a

104 1333 231 1370 uerbo
277 1344 314 1373 u.
347 1334 393 1372 31
446 1330 730 1382 ἁμαρτήματα
774 1333 816 1370 in
861 1334 999 1371 media
1040 1336 1245 1372 sententia
1282 1336 1516 1385 incipiebat.

105 1400 241 1438 editor
269 1401 383 1450 quod
414 1413 453 1439 u.
490 1402 595 1440 1——3
627 1401 782 1438 indicat
805 1400 968 1451 Epicuri
999 1402 1215 1450 epistulam
1245 1404 1439 1441 moralem
1470 1416 1515 1442 se

104 1468 389 1518 adpositurum
429 1468 656 1518 praemisso
691 1465 788 1517 περὶ
829 1467 907 1508 τοῦ
943 1469 1090 1518 σοφοῦ
1130 1470 1234 1514 loco,
1267 1477 1380 1508 recte
1410 1472 1515 1510 indi-

104 1535 227 1580 cauit,
268 1535 357 1585 ipse
396 1547 503 1585 quae
541 1536 758 1573 additurus
790 1542 913 1583 esset,
949 1548 1032 1573 non
1064 1543 1172 1575 recte
1205 1548 1312 1586 quae
1345 1539 1515 1577 daturus

105 1609 204 1642 erat.
260 1614 375 1648 sane,
418 1603 485 1641 illa
515 1615 608 1641 cum
639 1604 847 1649 scriberet,
880 1605 1001 1642 etiam
1034 1606 1276 1653 dogmatum
1305 1607 1516 1645 moralium

107 1671 369 1709 summarium
410 1683 544 1721 aeque
583 1678 709 1721 atque
746 1671 1003 1722 physicorum
1049 1679 1317 1722 conspectum
1355 1675 1518 1712 uidetur

103 1740 258 1778 reicere
289 1739 488 1778 uoluisse:
519 1746 742 1788 postquam
772 1739 963 1789 inspexit,
993 1745 1037 1777 ut
1066 1745 1154 1777 erat
1186 1740 1341 1778 ethices
1364 1730 1516 1791 Epicu-

105 1820 202 1846 reae
240 1808 465 1847 admirator
503 1805 572 1855 (εἰ.
602 1814 637 1848 Χ
661 1808 740 1846 138
772 1807 874 1844 infra
910 1819 949 1857 p.
971 1804 1055 1857 68),
1101 1802 1290 1846 omittere
1332 1821 1416 1846 non
1454 1805 1517 1848 est

102 1887 238 1914 ausus.
297 1875 419 1926 igitur
465 1881 650 1913 extremo
687 1875 742 1912 de
779 1875 979 1924 sapientis
1017 1875 1157 1913 officiis
1199 1876 1302 1921 loco,
1333 1881 1379 1914 ut
1418 1876 1514 1925 dixi,

102 1944 351 1994 marginibus
383 1943 594 1993 adscripto
627 1942 810 1980 librarios
841 1943 1014 1988 monuit,
1047 1949 1092 1980 ut
1122 1944 1177 1980 ad
1207 1943 1367 1981 initium
1398 1950 1515 1982 uete-

101 2012 155 2049 ris
201 2011 304 2049 illius
343 2010 551 2048 summarii
582 2007 721 2049 Δοκεῖ
755 2007 792 2049 δ’
826 2007 975 2059 αὐτοῖς
1006 2007 1128 2060 <περὶ
1157 2009 1246 2050 τῶν
1283 2008 1517 2061 βιωτικῶν>

104 2079 249 2130 oculos
274 2077 483 2117 referrent.
529 2077 622 2115 huic
644 2082 784 2114 autem
816 2077 1036 2114 summario
1066 2078 1411 2127 interponendam
1431 2078 1516 2128 epi-

105 2147 255 2184 stulam
285 2145 570 2183 destinauerat
600 2145 653 2182 ibi
683 2145 752 2182 ubi
782 2157 891 2182 nunc
923 2144 1098 2183 formula
1130 2145 1379 2183 transitionis
1404 2142 1516 2186 Μετ-

100 2211 216 2253 ιτέον
256 2215 341 2252 κτλ.
380 2213 541 2261 legitur,
578 2218 623 2250 ut
660 2213 750 2250 sola
787 2213 997 2262 appendix
1028 2224 1136 2261 quae
1167 2213 1220 2251 de
1251 2213 1444 2263 Epicurei
1475 2221 1515 2252 et

102 2280 313 2330 Cyrenaici
345 2279 549 2330 dogmatis
583 2279 815 2318 differentia
844 2286 906 2317 est
946 2276 1013 2331 (cf.
1044 2279 1140 2318 adn.
1174 2292 1213 2329 p.
1235 2280 1330 2325 271,
1355 2278 1400 2329 6)
1430 2283 1515 2330 epi-

223 2420 242 2452 1
275 2418 436 2451 mulieris
472 2419 733 2451 adlocutionem
772 2418 809 2452 in
840 2418 973 2450 Laertii
1003 2416 1120 2449 uerbis
1150 2426 1195 2451 111
1220 2416 1266 2451 47
1298 2418 1415 2451 inesse
1455 2419 1513 2460 qui

98 2477 253 2511 certatim
292 2477 586 2521 obseruauerunt‚
613 2476 908 2509 Aldobrandinus
935 2475 1165 2508 Casaubonus
1191 2476 1381 2508 Reinesius
1413 2475 1513 2519 (Var,

96 2536 176 2570 lect.
204 2544 231 2569 11
262 2535 307 2570 12
331 2547 367 2579 p.
387 2535 456 2570 2:23
471 2535 553 2579 sq.),
587 2536 702 2579 ipsum
733 2535 908 2568 Laertium
935 2534 1133 2575 Diogenem
1160 2534 1218 2566 isti
1245 2534 1382 2567 mulieri
1408 2535 1514 2577 φιλο-

96 2593 279 2633 πλάτωνι,
313 2594 410 2626 cuius
442 2593 544 2626 etiam
573 2604 702 2626 nomen
728 2594 866 2625 Arriam
904 2592 1038 2624 eruisse
1065 2592 1205 2624 Ionsius
1232 2592 1299 2624 sibi
1326 2593 1516 2625 uidebatur

98 2664 179 2688 serr.
206 2653 290 2687 hist.
317 2653 404 2696 phil.
430 2662 477 2687 111
503 2652 560 2697 12,
587 2653 610 2687 8
637 2664 671 2696 p.
692 2652 738 2686 70
759 2663 823 2695 sq.‚
863 2662 953 2694 opus
980 2653 1103 2687 decem
1133 2651 1305 2684 librorum
1331 2653 1514 2685 dedicasse

96 2712 372 2746 arbitrabantur:
417 2716 596 2756 tamquam
631 2711 894 2744 adlocutionem
930 2711 1016 2750 eiuS,
1049 2721 1151 2753 quem
1177 2703 1255 2754 qui's
1289 2711 1354 2743 illo
1380 2711 1514 2743 honore

96 2772 236 2812 afficiat,
276 2772 312 2804 in
346 2772 466 2804 medio
502 2771 595 2804 libro
629 2771 800 2804 abscondi
834 2771 950 2814 potius
987 2780 1093 2812 quam
1126 2770 1232 2803 fronti
1270 2776 1512 2803 ornamentum

95 2830 244 2873 praefigi
273 2831 408 2864 deceat.
448 2830 512 2863 sed
537 2830 632 2863 hunc
655 2840 806 2863 errorem
832 2829 888 2861 illi
907 2829 1048 2861 saeculo
1065 2829 1169 2861 facile
1186 2830 1409 2870 ignoscimus.

1221 2898 1240 2919 c
