1842 3250
211 1202 281 1235 444

302 236 373 270 290
796 237 1000 270 EPICVRI
1024 237 1213 270 ETch

301 360 429 385 τατον.
464 352 512 385 τὰ
538 351 579 385 δὲ
604 351 680 385 ὑπὸ
704 353 784 385 τῶν
811 354 1006 395 σοφιστῶν
1032 352 1268 395 Θρυλούμενα
1294 352 1330 393 ἐς
1357 352 1488 394 αὐτὴν,
1515 353 1539 394 ἡ
1567 350 1709 394 Σαρδα-

300 415 474 450 ναπάλου
507 416 634 458 τρυφὴ
666 416 728 450 καὶ
759 416 782 457 ἡ
809 415 959 458 Μηδικὴ
992 416 1098 458 χλιδὴ
1132 417 1193 451 καὶ
1223 417 1248 458 ἡ
1275 416 1416 458 Ἰωνικὴ
1451 415 1612 459 ἁβρότης
1647 416 1709 449 καὶ

301 479 481 522 τράπεζαι
520 478 703 513 Σικελικαὶ
736 479 797 513 καὶ
829 478 1002 521 ὀρχήσεις
1035 478 1271 521 Συβαριτικαὶ
1305 478 1365 512 καὶ
1399 477 1541 521 ἑταῖραι
1579 476 1707 520 Κορίν-

303 544 388 586 etat,
422 536 542 577 ταῦτα
569 542 688 585 ἀθρόα
714 544 773 577 καὶ
798 543 871 577 ὅσα
895 543 1045 577 τούτων
1072 542 1322 585 ποικιλώτερα
1355 542 1425 583 οὐχ
1452 542 1592 583 ἡδονῆς
1618 542 1710 585 ἔργα

303 606 395 642 ἀλλὰ
421 607 556 650 τέχνης
581 608 642 642 καὶ
667 608 793 650 λόγου,
821 607 1175 651 παρανομησάντων
1199 609 1278 642 τῶν
1304 607 1519 651 ἀνθρώπων
1547 606 1600 648 εἰς
1621 606 1710 650 ἡδο-

303 671 370 712 νὰς
395 672 439 706 δι’
467 670 647 715 εὐπορίαν
678 674 756 706 τῶν
789 674 934 714 τεχνῶν
970 672 1042 714 ὀψὲ
1068 675 1137 706 τοῦ
1163 672 1312 715 χρόνου.
1371 672 1495 715 ὥςπερ
1520 672 1561 706 δὲ
1587 671 1711 712 οὐδεὶς

303 735 527 779 λοιδορεῖται
551 738 608 780 τῷ
635 737 747 781 λόγῳ,
789 737 842 778 ὡς
874 736 943 770 οὐκ
974 737 1054 771 ἔστι
1087 737 1202 771 καλὸν
1234 740 1282 782 τῇ
1319 737 1442 785 φύσει,
1481 737 1550 771 κᾶν
1582 735 1709 780 ἀπάγῃ

303 810 358 841 τις
391 800 508 834 αὐτοῦ
539 801 611 842 τὴν
644 800 770 844 χρείαν
804 800 864 834 ἐπὶ
897 800 941 834 τὸ
976 800 1024 843 μὴ
1059 801 1171 843 φύσει
1207 801 1342 843 καλόν,
1383 801 1506 842 οὕτως
1540 801 1629 836 οὐδὲ
1662 804 1710 845 τῇ

304 864 425 908 ἡδονῇ
459 864 704 908 λοιδορητέον
740 864 832 899 ἀλλὰ
864 867 943 905 τοῖς
977 865 1184 908 χρωμένοις
1216 865 1336 909 ἡδονῇ
1369 868 1502 906 κακῶς.
1567 866 1635 900 δύο
1671 866 1712 900 δὲ

304 929 429 963 ὄντων
454 930 604 964 τούτων
638 930 677 965 ἑν
704 929 908 973 ἀνθρώπου
941 933 1056 973 ψυχῇ,
1098 930 1240 973 ἡδονῆς
1266 931 1327 964 καὶ
1351 932 1478 973 λόγου,
1513 931 1614 973 λόγῳ
1644 930 1711 971 μὲν

305 993 424 1036 ἡδονὴ
452 997 630 1037 κραθεῑσα
657 994 773 1037 μηδὲν
803 994 999 1036 ἀφελοῦσα
1023 997 1093 1029 τοῦ
1119 994 1325 1036 ἀναγκαίου
1353 995 1588 1038 προσέθηκεν
1607 994 1713 1038 αὐτῷ

304 1059 349 1092 τὸ
376 1058 630 1102 ἀγωγότερον,
670 1059 782 1100 λόγος
809 1060 849 1093 δὲ
875 1059 1031 1100 ἡδοναῖς
1057 1060 1363 1103 προσγενόμενος
1394 1058 1558 1101 αὐξήσας
1583 1059 1712 1093 αὐτῶν

307 1123 352 1158 δι’
380 1124 557 1167 εὐπορίας
584 1124 628 1158 τὸ
656 1124 806 1167 μέτριον
834 1123 964 1166 ἀφεῖλε
989 1126 1059 1157 τοῦ
1086 1125 1199 1166 φύσει
1229 1127 1395 1168 τερπνοῦ
1421 1124 1466 1159 τὸ
1495 1124 1711 1165 ἀναγκαῖον.

426 1205 568 1240 CICERO
594 1207 700 1239 Tusc.
727 1205 819 1249 disp.
844 1213 889 1238 111
914 1207 966 1242 13,
982 1205 1027 1239 28
1055 1206 1229 1249 ‘Epicuro
1255 1205 1374 1249 placet
1399 1206 1604 1249 opinionem
1628 1204 1714 1238 mali

306 1271 564 1312 aegritudinem
590 1281 680 1309 esse,
708 1282 748 1302 ea
773 1276 896 1303 natura
922 1276 960 1303 ut
987 1271 1200 1314 quicumque
1225 1272 1402 1303 intueatur
1423 1271 1459 1302 in
1480 1269 1627 1313 aliquod
1644 1280 1715 1301 ma-

305 1335 359 1368 ius
379 1336 519 1372 malum,
549 1336 578 1367 si
595 1335 632 1367 id
652 1335 721 1367 sibi
741 1335 913 1367 accidisse
941 1335 1118 1378 opinetur,
1146 1336 1191 1368 sit
1217 1335 1386 1367 continuo
1405 1336 1442 1366 in
1461 1333 1714 1376 aegritudine'.

305 1400 394 1432 ibid.
423 1400 478 1438 15,
507 1399 551 1433 32
594 1398 822 1442 ‘sEpicurus)
855 1405 976 1431 censet
1009 1410 1154 1431 necesse
1183 1410 1260 1431 esse
1289 1400 1402 1431 omnis
1430 1400 1464 1430 in
1492 1397 1715 1439 aegritudine

307 1474 397 1503 esse,
425 1465 484 1507 qui
511 1475 550 1496 se
576 1464 613 1496 in
640 1464 743 1496 malis
771 1474 850 1495 esse
877 1464 1100 1502 arbitrentur,
1134 1465 1210 1496 siue
1235 1463 1300 1495 illa
1327 1470 1405 1496 ante
1429 1463 1573 1505 prouisa
1600 1468 1634 1495 et
1660 1473 1716 1495 ex-

308 1533 466 1572 spectata
492 1529 561 1560 sint
585 1529 661 1560 siue
687 1528 974 1561 inueterauerint.
1022 1538 1101 1559 nam
1134 1538 1248 1570 neque
1280 1532 1456 1559 uetustate
1490 1527 1600 1559 minui
1623 1526 1716 1559 mala

308 1603 372 1625 nec
399 1592 474 1625 fieri
499 1593 754 1636 praemeditata
780 1593 928 1629 leuiora,
965 1592 1178 1635 stultamque
1210 1593 1313 1624 etiam
1341 1602 1419 1623 ese
1446 1591 1715 1624 meditationem

309 1656 415 1688 futuri
447 1656 530 1688 mali
557 1662 615 1688 aut
641 1657 793 1688 fortasse
824 1667 868 1688 ne
895 1657 1001 1688 futuri
1032 1657 1187 1698 quidem.
1238 1656 1323 1688 satis
1351 1667 1430 1688 esse
1456 1656 1622 1688 odiosum
1647 1666 1716 1687 ma—

309 1721 382 1753 lum
414 1732 529 1756 omne,
569 1731 646 1753 cum
672 1721 844 1753 uenisset.
894 1721 954 1764 qui
987 1725 1103 1752 autem
1130 1731 1269 1763 semper
1301 1720 1531 1761 cogitauisset
1557 1720 1716 1752 accidere

309 1797 415 1829 posse
438 1786 572 1829 aliquid
599 1786 752 1824 aduersi,
780 1786 810 1817 ei
838 1785 913 1817 fieri
939 1785 1030 1818 illud
1056 1786 1307 1829 sempiternum
1331 1785 1478 1822 malum:
1506 1784 1537 1817 si
1561 1794 1646 1816 uero
1672 1794 1717 1815 ne

311 1851 462 1882 futurum
489 1851 633 1893 quidem
662 1851 717 1888 sit,
745 1850 873 1882 frustra
902 1850 1034 1893 suscipi
1062 1850 1238 1882 miseriam
1263 1849 1517 1882 uoluntariam:
1556 1848 1606 1884 ita
1631 1858 1718 1880 sem-

310 1925 373 1958 per
399 1915 480 1956 angi
504 1920 561 1946 aut
588 1915 796 1958 accipiendo
824 1920 882 1946 aut
909 1915 1098 1955 cogitando
1127 1914 1232 1948 malo.
1279 1914 1496 1946 leuationem
1521 1918 1637 1946 autem
1664 1922 1718 1944 ae-

311 1979 500 2021 gritudinis
528 1979 564 2011 in
595 1979 732 2011 duabus
762 1979 869 2011 rebus
899 1979 1011 2022 ponit,
1049 1980 1258 2011 auocatione
1286 1990 1305 2010 a
1333 1978 1522 2020 cogitanda
1554 1977 1720 2009 molestia

434 2113 525 2145 1—-4
553 2112 596 2147 cf.
612 2113 787 2144 Maximus
806 2113 891 2145 diss.
909 2119 923 2144 ἶ
943 2112 963 2146 5
982 2123 1014 2155 p.
1034 2111 1076 2145 16
1102 2111 1227 2145 Cicero
1241 2112 1345 2145 Tusc.
1361 2111 1452 2154 disp.
1468 2118 1496 2142 V
1511 2109 1568 2148 35,
1589 2108 1654 2141 100
1666 2118 1718 2150 sq.

312 2171 524 2204 C1eomedes
539 2182 573 2214 p.
590 2170 657 2203 112
669 2181 721 2214 sq.
737 2171 824 2203 Bak.
861 2171 867 2212 1
905 2171 926 2204 3
946 2169 1134 2214 ὀρχήσεις]
1152 2168 1304 2212 εὐωχίαι
1319 2170 1487 2202 conicias.
1507 2169 1571 2201 sed
1585 2168 1629 2200 cf.
1646 2168 1720 2199 Ma-

312 2232 425 2263 ximus
451 2232 536 2263 diss.
556 2238 694 2266 XXXVII
714 2231 736 2262 4
754 2241 788 2273 p.
808 2229 877 2263 204
903 2230 1038 2263 Athen.
1058 2238 1113 2262 ΧΠ
1132 2241 1165 2273 p.
1181 2229 1266 2263 5200
1312 2230 1317 2271 Ι
1368 2229 1388 2262 6
1415 2226 1503 2272 ὀψὲ]
1524 2228 1568 2260 cf.
1588 2227 1629 2259 fr.
1650 2223 1719 2259 599

313 2290 453 2330 (Cicero
473 2291 578 2322 Tusc.
599 2291 688 2332 disp.
708 2297 732 2321 v
753 2290 810 2331 40,
828 2289 911 2332 116)
930 2299 1009 2322 cum
1027 2289 1108 2322 adn.
1147 2290 1152 2330 1
1192 2289 1213 2322 8
1228 2298 1305 2331 sqq.
1327 2288 1370 2319 cf.
1388 2288 1456 2330 Ep.
1477 2297 1531 2329 ep.
1551 2292 1596 2318 111
1618 2285 1684 2318 132
1710 2282 1721 2309 '1

317 2350 359 2382 14
379 2351 421 2382 cf.
440 2350 506 2392 Ep.
527 2359 581 2391 ep.
600 2356 645 2381 ΠΙ
663 2359 696 2390 p.
714 2347 770 2386 64,
787 2348 828 2380 17
867 2348 874 2389 l
916 2348 958 2380 15
984 2359 1024 2379 ea
1051 2348 1195 2380 inserui.
1231 2349 1399 2389 opinione
1425 2347 1516 2378 mali
1539 2371 1546 2378 .
1567 2370 1575 2377 .
1603 2342 1719 2388 (non)

315 2414 453 2441 natura
479 2407 691 2439 PManutius
720 2407 878 2439 ediderat
904 2407 948 2440 cl.
968 2407 1073 2439 Tusc.
1100 2413 1143 2439 ΠΙ
1166 2407 1220 2443 15,
1238 2406 1280 2438 31
1311 2405 1448 2437 ‘iudico
1474 2403 1604 2435 malum
1630 2402 1722 2434 illud

315 2466 495 2510 opinionis
523 2476 613 2504 esse,
647 2476 719 2498 non
745 2464 906 2498 naturae'
946 2465 1005 2507 33,
1022 2465 1070 2498 80
1100 2465 1286 2508 “quicquid
1321 2469 1414 2496 esset
1437 2463 1474 2495 in
1501 2460 1723 2503 aegritudine

315 2525 409 2563 mali,
441 2526 480 2557 id
506 2536 577 2557 non
606 2525 766 2557 natm-ale
793 2534 884 2564 esse,
919 2524 983 2556 sed
1013 2523 1216 2555 uoluntario
1242 2523 1375 2555 iudicio
1404 2528 1438 2554 et
1465 2520 1645 2564 opinionis
1673 2529 1723 2551 er-

317 2594 396 2616 rore
422 2583 657 2616 contractum‘
685 2584 742 2621 34,
761 2583 806 2616 82
850 2583 857 2623 1
899 2583 945 2615 25
965 2593 1018 2626 sq.
1045 2582 1089 2616 cf.
1115 2581 1239 2614 Cicero
1266 2582 1290 2614 1.
1318 2592 1345 2614 s·
1371 2580 1427 2619 16,
1445 2581 1490 2614 35
1518 2579 1641 2612 ‘iubes
1668 2587 1722 2610 me

318 2643 412 2675 bona
429 2642 598 2683 cogitare,
624 2642 796 2674 obliuisci
819 2639 1010 2674 malorum'
1039 2642 1092 2679 17,
1113 2641 1157 2673 37
1183 2640 1398 2672 ‘obliuiseor
1416 2639 1521 2671 etiam
1539 2637 1724 2674 malorum,

297 2706 354 2733 ·ut
386 2700 488 2735 iubes
516 2727 524 2734 .
543 2724 551 2734 .
571 2727 579 2734 ,
606 2701 671 2732 sed
698 2701 852 2733 traducis
881 2700 1117 2741 cogitationes
1142 2710 1238 2732 meas
1265 2700 1308 2731 ad
1334 2696 1559 2742 uoluptates‘
1599 2697 1658 2734 31.
1676 2695 1724 2729 76

316 2758 415 2791 ‘sunt
443 2759 503 2801 qui
529 2759 707 2791 abducant
733 2770 753 2791 a
777 2759 878 2791 malis
905 2759 948 2790 ad
974 2760 1081 2800 bona,
1107 2765 1145 2790 ut
1169 2757 1363 2800 Epicums‘

1736 939 1767 963 10

1739 1277 1770 1303 15

1739 1596 1773 1620 ‘20

1740 1918 1804 1951 (³3)
1841 1891 1842 1894 Ἴ

1741 1984 1775 2009 ‘26
