1842 3250
86 401 179 437 316*

135 932 166 957 10

135 1252 167 1279 15

136 1901 169 1927 25

98 2256 167 2289 317

136 2329 167 2355 31

669 218 873 250 EPICVRI
900 219 1116 252 PHYSICA
1527 220 1596 254 219

235 331 302 362 DE
327 331 554 364 MORIBVS

307 399 526 435 chnm'nvs
552 410 597 436 111
624 403 694 437 294

388 464 471 498 ‘scd
497 467 605 498 calidi
631 467 712 510 plus
740 473 793 501 est
819 468 894 500 illis
921 469 1051 512 quibus
1079 470 1171 502 acria
1198 470 1307 503 corda

234 536 312 569 (295)
404 531 645 576 iracundaque
671 542 772 564 mens
799 532 904 565 facile
931 533 1132 567 efferuescit
1156 534 1194 566 in
1219 535 1282 573 ira,

404 606 475 637 quo
501 606 632 636 genere
657 596 694 628 in
720 598 842 640 primis
868 598 922 630 uis
951 604 1005 631 est
1030 599 1189 631 uiolenta
1216 599 1361 632 leonum
1386 624 1394 632 .
1416 626 1423 633 .

234 666 314 699 (299)
406 665 440 693 at
465 666 615 693 uentosa
642 662 754 703 magis
780 673 966 695 ceruorum
993 663 1122 705 frigida
1146 674 1245 696 mens
1273 671 1325 697 est

405 731 440 757 et
465 725 604 767 gelidas
631 726 735 758 citius
761 737 825 769 per
849 727 989 760 uiscera
1015 729 1168 761 concitat
1194 739 1306 767 auras,

403 800 494 832 quae
520 790 707 822 tremulum
735 791 867 824 faciunt
891 792 1059 824 membris
1084 793 1237 825 existere
1263 797 1408 827 motum.

405 859 439 886 at
465 858 588 886 natura
614 854 723 886 boum
749 855 893 898 placido
920 856 1033 897 magis
1060 867 1140 889 aere
1167 857 1258 889 uiuit

406 928 471 951 nec
497 919 603 952 nimis
629 919 694 952 irai
722 920 779 952 sax
806 931 971 963 umquam
999 922 1142 954 subdita
1168 922 1281 965 percit

405 983 551 1021 fumida,
577 984 785 1017 suffundens
815 995 940 1018 caecae
968 986 1132 1027 caliginis
1159 986 1295 1025 umbra,

237 1053 316 1086 (305)
406 1058 471 1081 nec
497 1049 629 1090 gelidis
656 1055 774 1093 torpet
799 1050 880 1082 telis
908 1050 1042 1093 perfixa
1067 1052 1211 1093 pauoris
1237 1077 1244 1084 .
1267 1076 1274 1084 .
1295 1077 1302 1084 .

222 1119 314 1160 ¹(807)
406 1113 456 1144 sic
481 1112 665 1146 hominum
691 1123 803 1154 genus
831 1118 893 1145 est.
936 1113 1098 1155 quamuis
1125 1114 1287 1145 doctrina
1312 1113 1448 1156 politos

408 1177 599 1209 constituat
623 1177 755 1220 pariter
782 1177 970 1220 quosdam,
997 1184 1113 1210 tamen
1140 1178 1205 1210 illa
1231 1178 1401 1222 relinquit

407 1246 551 1274 naturae
577 1242 749 1285 cuiusque
776 1242 883 1274 animi
910 1243 1065 1284 uestigia
1088 1243 1212 1286 prima.

236 1313 316 1346 (310)
405 1317 471 1339 nec
496 1306 667 1338 radicitus
696 1306 806 1338 euelli
831 1306 923 1338 mala
951 1317 1058 1350 posse
1084 1308 1324 1351 putandumst,

406 1371 492 1414 quin
517 1371 714 1414 procliuius
741 1370 799 1403 hic
826 1371 896 1403 iras
925 1371 1085 1403 decurrat
1111 1371 1155 1403 ad
1184 1372 1284 1411 acris,

405 1435 468 1469 ille
493 1441 591 1468 metu
617 1436 720 1468 citius
746 1435 855 1478 paulo
883 1441 1082 1478 temptetur,
1109 1440 1143 1468 at
1168 1436 1231 1468 ille

406 1501 530 1533 tertius
557 1501 706 1544 accipiat
730 1502 905 1544 quaedam
932 1501 1141 1533 clementius
1168 1511 1294 1544 aequo.

407 1566 514 1608 inque
542 1565 623 1598 aliis
650 1566 756 1598 rebus
782 1566 904 1598 multis
931 1565 1072 1598 differre
1100 1571 1283 1598 necessest

238 1636 317 1669 (815)
409 1634 549 1663 naturas
575 1630 759 1667 hominum
785 1631 900 1663 uarias
926 1641 1115 1673 moresque
1144 1631 1322 1673 sequacis:

407 1690 557 1739 quorum
585 1706 651 1737 ego
678 1706 770 1728 nunc
796 1706 937 1738 nequeo
965 1706 1088 1728 caecas
1116 1706 1295 1739 exponere
1323 1705 1468 1727 caussas

406 1769 473 1792 nec
499 1760 654 1803 reperire
679 1760 868 1801 figurarum
896 1765 948 1793 tot
974 1761 1116 1792 nomina
1142 1765 1229 1802 quot
1256 1765 1336 1792 sunt

407 1824 605 1868 principiis,
631 1825 726 1856 unde
753 1824 840 1856 haec
868 1824 978 1856 oritur
1005 1825 1177 1856 uariantia
1203 1834 1327 1857 rerum.

408 1889 500 1921 illud
527 1889 564 1921 in
590 1889 646 1921 his
673 1889 779 1921 rebus
806 1889 933 1921 uideor
959 1888 1097 1920 firmare
1124 1892 1280 1932 potesse,

237 1960 317 1993 (32⁰)
408 1964 521 1997 usque
548 1954 637 1986 adeo
666 1958 868 1985 naturarum
894 1953 1048 1994 uestigia
1071 1953 1187 1996 linqui

407 2019 569 2062 paruola,
595 2029 686 2062 quae
712 2024 865 2061 nequeat
891 2019 980 2050 ratio
1006 2017 1190 2061 depellere
1216 2018 1334 2056 nobis,

407 2089 446 2116 ut
470 2083 522 2115 nil
547 2083 708 2126 inpediat
733 2083 877 2125 dignam
905 2082 961 2115 dis
989 2083 1120 2124 degere
1146 2081 1283 2115 uitam’.

238 2187 307 2219 DE
333 2186 616 2219 SENTIENDO

314 2256 459 2290 Auru-s
485 2265 529 2289 lv
555 2257 589 2295 8,
612 2257 653 2290 10
677 2268 711 2300 p.
732 2257 800 2290 395
824 2257 938 2290 Diels.
965 2256 1113 2299 (Parall.
1139 2257 1175 2287 A
1193 2255 1252 2294 27,
1276 2255 1319 2289 18
1345 2255 1501 2287 Plut.1v
1520 2254 1554 2293 S,
1571 2255 1607 2297 5)

193 2320 406 2362 Λεύκιππος
440 2321 680 2364 Δημόκριτος
713 2319 931 2363 Ἐπίκουρος
966 2320 1036 2362 τὴν
1073 2319 1248 2362 αἴσθησιν
1279 2319 1340 2353 καὶ
1371 2320 1442 2360 τὴν
1474 2319 1608 2361 νόησιν

193 2383 363 2426 γίνεσθαι
390 2384 559 2420 εἰδώλων
586 2386 724 2420 ἔξωθεν
750 2385 1006 2428 προσιόντων·
1047 2384 1178 2427 μηδενὶ
1204 2383 1276 2426 γὰρ
1303 2382 1514 2425 ἐπιβάλλειν
1542 2393 1608 2424 μη-

194 2449 349 2494 δετέραν
376 2451 489 2493 χωρὶς
514 2453 583 2484 τοῦ
607 2449 916 2493 προσπίπτοντος
941 2448 1112 2483 εἰδώλου.

194 2512 338 2549 CICERO
365 2515 410 2547 de
436 2515 568 2547 finibus
595 2522 609 2547 1
634 2515 667 2553 6,
688 2514 728 2546 21
760 2514 867 2557 ‘quae
895 2514 1055 2556 sequitur
1082 2510 1302 2556 (Epicurus),
1332 2516 1412 2544 sunt
1437 2516 1512 2543 tota
1538 2512 1609 2542 De-

313 2628 357 2661 21
386 2628 420 2661 h.
448 2638 478 2661 e.
509 2627 577 2669 τάς
602 2638 644 2662 τε
670 2627 804 2671 φύσεις
835 2628 896 2661 καὶ
927 2626 974 2660 τὰ
1000 2626 1075 2669 ἤθη
1108 2626 1154 2659 τὰ
1186 2624 1378 2660 ἀκόλουθα
1412 2624 1601 2668 ταύταις
1599 2623 1609 2657 22

195 2687 241 2721 32
267 2687 410 2730 μηδένα
438 2687 690 2733 ..μηδετέρᾳ
717 2687 985 2719 Schoemannus
1012 2695 1135 2731 opusc.
1161 2695 1213 2718 ac.
1239 2692 1278 2717 lv
1301 2684 1371 2717 339
1406 2686 1412 2729 1
1448 2682 1608 2719 εἰδώλου

195 2756 253 2780 om
277 2746 408 2783 Parall
