1846 3288
272 270 317 300 :22
879 267 1084 298 EPICVRI

275 384 324 422 τὸ
356 381 605 432 ἀσώματον,
650 383 728 422 τοῦ
761 381 978 431 ὀνόματος
1014 381 1081 421 ἐπὶ
1111 382 1189 422 τοῦ
1221 383 1312 421 καθ’
1346 380 1477 421 ἑαυτὸ
1508 380 1684 431 νοηθέν-

277 467 349 503 τος
388 452 458 494 ἄν·
519 453 610 494 καθ’
650 453 781 495 ἑαυτὸ
824 454 872 494 δὲ
909 452 988 494 οὐκ
1029 453 1121 494 ἔστι
1161 455 1319 502 νοῆσαι
1359 453 1409 493 τὸ
1450 452 1686 503 ἀσώματον

273 525 384 575 πλὴν
416 527 493 566 τοῦ
524 526 665 565 κενοῦ.
726 524 775 565 τὸ
807 526 854 565 δὲ
886 524 1012 566 κενὸν
1044 524 1144 566 οὔτε
1182 527 1360 574 ποιῆσαι
1398 524 1497 566 οὔτε
1535 527 1687 567 παθεῖν

273 598 463 647 δύναται,
494 597 604 638 ἀλλὰ
636 597 801 646 κίνησιν
834 596 969 647 μόνον
991 598 1042 639 δι’
1067 598 1225 639 ἑαυτοῦ
1254 599 1346 648 τοῖς
1378 598 1552 648 σώμασι
1582 611 1687 648 παρ-

275 670 428 720 έχεται.
478 668 584 710 ὥσθ’
618 668 658 710 οἱ
691 669 894 719 λέγοντες
926 668 1164 719 ἀσώματον
1193 669 1299 711 εἶναι
1330 669 1408 719 τὴν
1437 669 1580 719 ψυχὴν
1614 683 1687 720 μα·
1711 681 1727 706 5

272 744 488 795 τᾲζουσιν.
544 741 674 782 οὐθὲν
703 742 784 792 γὰρ
817 740 870 781 ἂν
907 741 1092 783 ἐδύνατο
1123 744 1260 783 ποιεῖν
1290 740 1391 782 οὔτε
1423 740 1620 792 πάσχειν,
1653 739 1689 782 εἰ

274 813 327 863 ἦν
357 813 552 864 τοιαύτη·
612 815 691 854 νῦν
724 812 759 854 δ’
793 813 989 864 ἐναργῶς
1027 811 1254 864 ἀμφότερα
1290 816 1427 855 ταῦτα
1464 813 1690 865 συμβαίνει

272 887 368 937 περὶ
409 886 488 935 τὴν
527 886 671 936 ψυχὴν
708 885 760 926 τὰ
799 886 1106 936 συμπτώματα.
1166 888 1301 926 ταῦτα
1339 885 1418 927 οὗν
1454 885 1596 928 πάντα
1633 886 1687 927 τὰ
1713 893 1758 926 68

273 958 585 1008 διαλογίσματα
615 955 722 1011 <τὰ>
752 958 849 1009 περὶ
886 960 1028 1008 ψυχῆς
1067 957 1242 1007 ἀνάγων
1280 971 1344 1009 τις
1381 958 1450 999 ἐπὶ
1485 961 1537 1000 τὰ
1572 959 1687 1010 πάθη

273 1033 341 1072 καὶ
371 1032 449 1082 τὰς
490 1030 727 1081 αἰσθήσεις,
777 1032 1059 1081 μνημονεύων
1098 1034 1187 1073 τῶν
1224 1031 1270 1073 ἐν
1309 1031 1418 1086 ἀρχῇ
1456 1031 1688 1083 ῥηθέντων,
1715 1046 1745 1071 ιο

272 1103 431 1155 ἱκανῶς
458 1104 695 1154 κατόψεται
717 1107 807 1155 τοῖς
829 1104 980 1155 τύποις
1011 1105 1395 1156 ἐμπεριειλημμένα
1425 1103 1485 1154 εἰς
1517 1105 1567 1146 τὸ
1591 1103 1689 1158 (καὶ

273 1175 352 1229 τὰ>
384 1177 490 1217 κατὰ
521 1177 652 1228 μέρος
684 1176 770 1218 ἀπὸ
801 1178 970 1219 τούτων
1003 1178 1332 1230 ἐξακριβοῦσθαι
1365 1178 1559 1230 βεβαίως.

386 1249 513 1291 Ἀλλὰ
550 1250 631 1300 μὴν
666 1250 734 1290 καὶ
772 1250 825 1291 τὰ
862 1250 1060 1300 σχήματα
1098 1250 1166 1291 καὶ
1202 1250 1254 1292 τὰ
1285 1250 1492 1301 χρώματα
1530 1250 1599 1291 καὶ
1635 1250 1688 1291 τὰ

273 1323 429 1373 μεγέθη
463 1322 531 1363 καὶ
561 1323 614 1363 τὰ
647 1323 755 1373 βάρη
788 1323 856 1364 καὶ
888 1322 973 1364 ὅσα
1006 1321 1115 1364 ἄλλα
1153 1325 1451 1374 κατηγορεῖται
1482 1322 1688 1374 σώματος

273 1395 436 1436 ὡσανεὶ
472 1395 776 1446 συμβεβηκότα
816 1395 840 1445 ἢ
883 1395 1015 1435 πᾶσιν
1051 1395 1075 1446 ἢ
1113 1397 1204 1445 τοῖς
1250 1397 1424 1446 ὁρατοῖς
1469 1395 1538 1436 καὶ
1580 1396 1688 1436 κατὰ
1713 1411 1745 1437 15

275 1468 350 1517 τὴν
383 1466 585 1518 αἴσθησιν
615 1466 821 1516 σώματος
850 1465 1038 1516 γνωστά,
1071 1464 1163 1507 οὔθ’
1196 1465 1257 1516 ὡς
1290 1465 1380 1507 καθ’
1415 1465 1573 1515 ἑαυτάς
1605 1465 1687 1507 εἰσι

272 1603 419 1644 καὶτῆς
438 1604 563 1644 χαρᾶς.
592 1601 713 1635 ὕπνον
740 1611 782 1635 τε
808 1600 976 1641 γίνεσθαι
1001 1602 1079 1634 τῶν
1106 1602 1173 1642 τῆς
1199 1602 1322 1642 ψυχῆς
1348 1603 1472 1643 μερῶν
1499 1602 1576 1633 τῶν
1599 1601 1686 1644 παρ’

272 1661 364 1703 ὅλην
396 1661 466 1703 τὴν
500 1661 693 1703 σύγκρισιν
725 1659 1051 1702 παρεσπαρμένων
1087 1659 1396 1700 ἐγκατεχομένων
1426 1659 1447 1700 ἢ
1483 1659 1686 1702 διαφορου-

272 1720 408 1761 μένων,
449 1721 529 1754 εῑτα
563 1719 858 1761 συμπιπτόντων
891 1721 967 1759 τοῖς
1003 1719 1246 1760 ἐπερεισμοῖς.
1297 1718 1341 1751 τό
1372 1728 1414 1752 τε
1448 1717 1594 1760 σπέρμα
1620 1717 1687 1760 ἀφ’
1714 1718 1759 1751 67

273 1779 372 1813 ὅλων
398 1781 475 1813 τῶν
503 1779 690 1819 σωμάτων
718 1778 912 1822 φέρεσθαι.
954 1785 1142 1811 SGHOLION
1711 1788 1745 1813 20

395 1839 409 1870 1
431 1838 483 1871 τὸ
502 1837 767 1879 ἀσώματον·
787 1838 884 1879 λέγει
903 1837 974 1880 γὰρ
993 1837 1088 1871 κατὰ
1105 1837 1176 1879 τήν
1195 1835 1375 1879 πλείστην
1389 1833 1534 1878 ὁμιλίαν
1554 1843 1686 1870 senon.

396 1971 407 2001 ἱ
439 1969 576 2003 ἑαυτὸν
596 1968 723 2009 (ἑαυτὸ
745 1970 795 2000 sic
812 1969 852 2007 F)
879 1969 1084 2011 νοηθέντος
1111 1968 1156 2001 ἂν
1182 1968 1282 2000 libri:
1310 1978 1398 2000 corr.
1418 1978 1433 1999 s
1464 1966 1479 2010 Η
1507 1967 1529 2000 2
1549 1967 1686 2001 ἑαυτὸν

273 2028 313 2061 δὲ
343 2028 359 2059 f
389 2026 396 2070 ί
430 2030 566 2069 νοῆσαι
593 2027 639 2061 ἂν
667 2028 730 2059 sed
758 2027 804 2061 ἂν
831 2028 1043 2061 subductum
1066 2028 1102 2059 H
1150 2026 1164 2070 Η
1220 2029 1241 2060 4
1269 2025 1451 2070 δύνατίαι]
1479 2037 1556 2058 eum
1582 2026 1687 2059 litura

273 2098 341 2119 rec.
359 2089 387 2119 B
423 2087 438 2130 k}
472 2088 493 2121 5
520 2088 610 2121 ὥστ’
639 2087 674 2121 οἱ
700 2089 736 2119 H
758 2088 763 2131 Ι
787 2088 882 2122 εἶναι
907 2099 964 2120 om
990 2089 1020 2119 F
1041 2089 1046 2126 ί
1070 2089 1327 2128 μαται”ἰ“ζουσιν
1354 2086 1480 2128 BFPQ
1509 2085 1688 2130 μαται[ά]-

271 2148 400 2180 Ζουσιν
427 2148 481 2178 H*
508 2146 779 2186 ματαιάζουσιν
803 2147 854 2179 Gs
877 2147 920 2181 cs.
947 2147 1098 2188 glossar.
1140 2146 1155 2190 Η
1197 2146 1218 2179 6
1246 2146 1291 2179 ἂν
1318 2145 1474 2181 ἑδύνετο
1499 2146 1528 2177 Β
1557 2144 1687 2179 ἀνεδύ-

271 2215 358 2238 νετο
385 2205 467 2247 P¹Q
502 2206 507 2249 fl
543 2207 621 2238 fort.
653 2205 742 2239 οὐδὲ
782 2204 798 2249 ΙΙ
844 2206 864 2238 7
891 2208 961 2239 νῦν
987 2205 1113 2249 ἀργῶς
1139 2206 1170 2237 G
1202 2203 1208 2249 1
1242 2204 1286 2248 δ’]
1313 2204 1354 2239 δὲ
1380 2204 1410 2236 F
1439 2204 1446 2247 k
1481 2202 1688 2247 συμβαίνει]

272 2264 512 2306 διαλαμβάνει
538 2264 622 2297 libri
663 2264 679 2308 Η
719 2264 740 2297 8
766 2264 892 2298 πάντα
917 2275 975 2298 om
1005 2264 1034 2296 F
1073 2262 1090 2310 Η
1131 2264 1152 2297 9
1180 2261 1464 2307 δια[νοή]·ματα
1490 2263 1537 2298 F²
1565 2261 1571 2308 Ι
1603 2264 1687 2306 περὶ

273 2326 395 2365 ψυχῆς
422 2334 479 2355 om
506 2323 563 2355 Gt.
602 2323 768 2366 praemisi
796 2323 981 2356 articulum
1023 2322 1038 2366 u
1083 2323 1122 2356 ll
1150 2322 1283 2362 τόποις
1306 2322 1356 2355 Gf
1374 2322 1380 2364 Ι
1403 2323 1687 2365 συμπεριειλημ-

272 2383 365 2424 μένα
391 2383 421 2413 Β
459 2383 465 2424 Ι
505 2383 563 2416 καὶ
595 2382 642 2416 τὰ
676 2381 785 2425 κατὰ]
811 2382 906 2416 κατὰ
933 2382 1016 2414 libri
1074 2381 1090 2424 11
1151 2382 1193 2414 14
1217 2380 1325 2424 βάρη]
1354 2380 1469 2424 βαρέα
1494 2380 1517 2422 ἢ
1553 2380 1637 2414 libn'
1677 2377 1689 2427 Η

273 2443 317 2475 15
344 2441 481 2476 ὡσανεὶ
509 2441 771 2484 συμβεβηκότα
790 2441 831 2474 P.
853 2441 1020 2474 Galesius
1037 2440 1252 2473 Casaubono
1278 2444 1389 2473 teste:
1418 2439 1469 2480 ὡς
1487 2439 1533 2473 ἂν
1552 2437 1603 2480 εἷς
1621 2438 1686 2473 αὐ-

270 2500 317 2534 τὰ
345 2500 530 2543 βεβηκότα
556 2500 641 2533 libri
669 2499 675 2544 ξ
709 2501 807 2543 prins
834 2499 870 2542 ἢ]
897 2500 920 2542 ἣ
949 2501 985 2532 Η
1014 2500 1019 2535 ι
1050 2498 1145 2534 κατὰ
1173 2499 1245 2542 τὴν
1271 2497 1458 2542 αἴσθησιν]
1484 2496 1686 2542 καταίσθη-

272 2559 362 2602 (σιν)
382 2559 411 2591 F
443 2559 459 2601 ss
497 2559 538 2592 16
557 2557 746 2602 σώματος]
769 2559 897 2601 αὐτοῖς
922 2559 1019 2598 libri,
1045 2559 1114 2592 nisi
1139 2559 1237 2602 quod
1259 2558 1389 2592 αὐτων
1406 2557 1452 2589 P²
1474 2556 1480 2601 0
1501 2560 1687 2599 γνωστοῖς

269 2617 355 2649 mni
377 2618 382 2660 ι
405 2616 500 2661 οὔθ’]
526 2617 619 2651 ὥσθ’
647 2617 678 2649 G

395 2677 436 2709 17
467 2686 509 2710 τε
542 2687 600 2709 om
626 2677 655 2708 B
702 2675 718 2719 ΙΙ
769 2675 812 2709 18
839 2675 1144 2718 ἑνκατεχομὲνων
1171 2676 1201 2707 Β
1238 2675 1262 2717 ἢ
1288 2673 1599 2717 ἐγκατεχομένων
1625 2685 1641 2706 s
1676 2674 1688 2718 l!

274 2736 319 2768 19
345 2736 425 2769 εἶτα
454 2735 720 2776 ἐμπιπτόντων
746 2734 774 2766 Ρ
806 2734 812 2777 Ι
839 2733 1086 2778 ἑπερεισμοῑς]
1114 2733 1282 2777 ’πορμοῖε
1309 2734 1347 2766 id
1374 2738 1428 2766 est
1453 2735 1633 2776 επορμοῑς
1657 2732 1687 2763 F

274 2796 458 2837 ποργμοῖς
485 2794 617 2837 BHPQ
646 2793 894 2836 ἐσπαρμένοις
920 2794 977 2832 Gf,
1004 2803 1051 2836 γρ
1078 2794 1124 2825 p2
1149 2803 1207 2835 mg
1228 2792 1234 2836 Ι
1256 2793 1344 2827 τότε
1371 2793 1386 2824 f
1641 2781 1649 2789 '
