1842 3250
195 1425 264 1459 298

191 1891 262 1925 299

294 254 364 287 212
774 253 978 286 EPICVRI
1003 253 1222 286 PHYSICA

295 368 615 410 δυσαντίβλεπτον
646 369 690 402 τὸ
722 368 923 410 φαίνεσθαι
955 370 1031 402 πᾶν
1062 369 1106 403 τὸ
1138 368 1424 411 πεπερασμένον
1457 367 1514 402 ἀεὶ
1545 367 1639 411 πρός
1662 377 1698 402 τι

294 436 483 477 περαῖνον.
535 432 567 468 εἰ
593 433 664 476 γὰρ
690 435 765 467 πᾶν
790 433 835 467 τὸ
859 433 1146 476 πεπερασμένον
1171 433 1265 476 πρὸς
1296 432 1385 467 ἄλλό
1410 443 1446 466 τι
1471 433 1608 467 ἔξωθεν
1633 431 1698 466 αὐ-

293 500 362 531 τοῦ
393 498 436 532 ὂν
461 497 640 540 περαίνει,
678 498 724 531 τό
756 498 894 532 ἔξωθεν
928 498 1060 539 ἐκεῖνο,
1099 498 1193 541 πρὸς
1225 497 1245 531 ὃ
1271 496 1448 540 περαίνει,
1488 497 1511 539 ἢ
1544 497 1698 540 ἄπειρόν

294 561 396 596 ἐστιν
422 562 445 603 ἢ
473 562 779 605 πεπερασμένον’
822 563 882 596 καὶ
915 561 947 596 εἰ
979 562 1046 603 μὲν
1079 562 1244 604 ἄπειρον,
1284 561 1417 603 ἔχομεν
1449 561 1609 595 αὐτόθεν
1641 560 1698 595 ὅτι

294 626 373 660 ἔστι
399 626 444 660 τὸ
471 627 644 669 ἄπειρον·
689 626 720 660 εἰ
747 627 787 660 δέ
813 627 1100 669 πεπερασμένον
1133 624 1215 660 οἷον
1241 626 1263 668 ἡ
1291 627 1350 667 γῆ,
1391 625 1451 659 καὶ
1482 625 1576 659 αὐτὸ
1605 625 1699 668 πρὸς

294 691 384 725 ἄλλο
410 690 587 734 περαίνει,
615 691 675 725 καὶ
700 694 816 725 τοῦτο
845 692 901 725 ἐπ’
931 692 1104 734 ἄπειρον·
1143 690 1175 725 εἰ
1201 691 1242 725 δὲ
1271 691 1328 725 ἐπ’
1356 690 1523 734 ἄπειρον,
1549 691 1629 725 ἔστι
1653 689 1698 724 τὸ

294 756 465 799 ἄπειρον·
493 755 605 789 οὐδέν
623 755 695 799 γὰρ
712 758 930 790 τελευταῖον
956 755 1190 798 ληφθήσεται
1215 756 1342 798 πέρας,
1369 754 1403 789 εἴ
1417 765 1487 798 περ
1506 756 1564 789 καὶ
1583 757 1698 788 τοῦτο

292 820 387 863 πρὸς
413 820 503 854 ἄλλό
529 831 564 854 τι
592 819 769 863 περαίνει.
799 820 926 864 τούτῳ
955 821 995 854 δέ
1023 823 1078 864 τῷ
1104 821 1205 865 λόγῳ
1232 820 1283 862 ὡς
1309 820 1477 862 μάλιστα,
1505 820 1556 861 ὥς
1581 828 1698 863 φησιν

292 885 313 918 ὁ
332 884 582 927 Ἀλέξανδρος,
609 883 644 917 οἱ
662 885 746 927 περὶ
764 883 981 927 Ἐπίκουρον
1007 884 1250 924 πιστεύοντες
1276 885 1431 927 ἄπειρον
1455 884 1585 925 ἔλεγον
1604 884 1698 918 εἶναι

291 949 336 983 τό
355 951 442 991 πᾶν,
470 949 564 982 διότι
589 951 664 982 πᾶν
690 949 735 983 τὸ
762 949 1048 992 πεπερασμένον
1075 949 1176 992 παρά
1201 960 1236 983 τι
1263 949 1534 992 περαινόμενον
1560 948 1698 983 ἔξωθέν

291 1024 326 1047 τι
353 1014 438 1056 ἔχει.
466 1014 487 1047 ὁ
514 1013 555 1047 δέ
581 1013 842 1056 Ἀριστοτέλης
868 1014 919 1055 ὡς
945 1013 1193 1057 ἀρχαιοτέρου
1219 1014 1401 1057 μέμνηται
1426 1016 1495 1048 τοῦ
1522 1013 1647 1055 λόγου.

292 1079 335 1111 cf.
361 1079 567 1110 Alexander
593 1078 755 1120 Aphrod.
781 1084 931 1121 quaestt.
960 1087 1004 1111 111
1034 1079 1076 1112 12
1103 1091 1137 1122 p.
1152 1080 1233 1117 200,
1248 1079 1294 1112 20
1312 1080 1370 1122 Sp.
1398 1078 1430 1113 εἰ
1455 1079 1522 1121 μὲν
1548 1078 1617 1112 οὖν
1642 1080 1697 1122 τῷ

290 1143 565 1186 πεπερασμένῳ
599 1143 644 1176 τὸ
677 1143 770 1177 εἶναι
807 1143 1082 1187 πεπερασμένῳ
1117 1144 1219 1177 ἔστιν
1255 1143 1295 1177 ἐν
1330 1146 1386 1187 τῷ
1426 1144 1697 1193 θεωρεῖσθαι

291 1208 395 1250 παρ’
431 1208 555 1249 ἄλλο,
597 1209 719 1248 καλῶς
746 1208 790 1241 ἂν
817 1208 962 1249 λέγοιεν
990 1207 1025 1241 οἱ
1051 1207 1214 1242 ἐναντίοι
1246 1207 1436 1249 ἀξιοῦντες
1466 1207 1608 1249 παντὸς
1633 1217 1697 1242 πε-

290 1272 529 1314 περασμένου
557 1271 665 1312 ἐκτὸς
690 1271 856 1315 ὀφείλειν
887 1271 982 1306 εἶναί
1008 1283 1043 1306 τι
1069 1273 1157 1316 παρ’
1183 1272 1204 1306 ὃ
1230 1271 1418 1316 περαίνειν
1445 1272 1630 1315 φαίνεται,
1665 1271 1698 1307 εἴ

289 1346 332 1377 γε
359 1336 461 1370 ἔστιν
488 1336 528 1370 ἐν
553 1336 680 1381 τούτῳ
706 1340 761 1380 τῷ
788 1337 1061 1382 πεπερασμένῳ
1087 1337 1131 1371 τὸ
1158 1338 1262 1372 εἶναι.

411 1416 649 1451 THEMISTIVS
676 1419 838 1461 paraphr.
866 1419 976 1451 Arist.
1003 1418 1104 1462 phys,
1133 1418 1154 1452 Γ
1172 1419 1193 1452 8
1221 1416 1269 1461 (ρ.
1289 1418 1377 1452 208²
1396 1418 1455 1460 11)
1481 1418 1505 1452 f.
1524 1417 1585 1452 36¹
1609 1418 1696 1452 Ald.

289 1494 323 1526 p.
340 1484 421 1521 251,
442 1484 453 1515 1
477 1483 606 1526 Speng.
635 1484 693 1516 καὶ
720 1486 801 1524 ταῖς
819 1482 1039 1526 Ἐπικούρου
1067 1483 1108 1517 δέ
1134 1482 1287 1525 ἀτόμοις
1313 1483 1352 1517 ἑν
1378 1486 1432 1527 τῷ
1459 1485 1557 1527 κενῷ
1583 1493 1696 1526 φερο-

290 1546 416 1588 μέναις
444 1548 675 1590 πεπεράνθαι
709 1548 775 1588 μὲν
806 1548 976 1590 ὑπάρχει,
1014 1547 1107 1590 πρὸς
1132 1548 1167 1582 τί
1195 1548 1235 1582 δὲ
1261 1546 1452 1593 περαίνειν
1485 1547 1610 1581 οὐκέτι
1637 1547 1694 1582 ἐπ’

288 1611 417 1645 αὐτῶν
443 1614 559 1646 τοῦτο
586 1612 608 1653 ἢ
636 1612 737 1652 τινὸς
763 1611 956 1646 ἅπτεσθαι.
985 1611 1045 1646 καί
1070 1623 1129 1646 τοι
1155 1612 1223 1646 τὸν
1248 1612 1361 1653 λόγον
1387 1614 1526 1646 τοῦτον
1552 1611 1696 1654 ἠγάπη-
1719 1623 1734 1647 ‘2

289 1685 354 1711 σεν
389 1677 512 1718 οὕτως
537 1676 764 1720 Ἐπίκουρος,
802 1678 896 1718 ὥςτε
924 1677 1174 1720 παλαιότερον
1200 1677 1292 1711 ὄντα
1322 1676 1610 1719 εἰσποιὴσασθαι
1636 1677 1696 1710 καὶ

289 1741 565 1784 ὑποβάλλεσθαι
598 1745 741 1784 μικραῖς
771 1751 845 1775 τισι
878 1743 938 1775 καὶ
969 1742 1130 1784 φαύλαις
1161 1741 1403 1785 προσθήκαις,
1443 1741 1539 1775 καθά
1564 1752 1636 1784 περ
1661 1740 1698 1776 οἱ

287 1806 335 1840 τὰ
361 1807 488 1849 φώρια
513 1806 902 1849 μετασχηματίζοντες
928 1807 1023 1850 ὑπὲρ
1049 1809 1118 1841 τοῦ
1145 1807 1353 1841 λανθάνειν.

408 1884 661 1919 ΡΙΝΤΑΒοΗνε
688 1887 733 1918 de
759 1887 901 1919 defectu
931 1887 1154 1920 oraculorum
1181 1887 1227 1920 28
1253 1898 1285 1930 p.
1305 1885 1394 1920 425d
1421 1887 1500 1921 ἐπεὶ
1528 1887 1577 1929 μὴ
1602 1887 1698 1930 πρὸς

286 1950 354 1985 τὸν
387 1951 530 1992 κόσμον
563 1950 642 1985 ἀλλ’
671 1951 778 1992 ἐκτὸς
813 1951 931 1985 αὐτοῦ
958 1951 1002 1985 τὸ
1030 1951 1133 1985 κάτω
1167 1952 1227 1985 καὶ
1260 1951 1339 1985 ἄνῳ
1370 1951 1624 1993 λαμβάνοντες
1655 1950 1696 1985 ἐν

286 2019 366 2056 ταῖς
394 2016 524 2057 αὐταῖς
551 2016 723 2060 ἀπορίαις
750 2017 955 2061 Ἐπικούρῳ
982 2016 1219 2059 γενησόμεθα
1251 2019 1458 2050 κινοῦντι
1485 2015 1564 2057 τὰς
1591 2014 1696 2050 ἀτό-

288 2091 398 2123 μους
433 2081 610 2122 ἁπάσας
645 2080 708 2122 εἰς
745 2082 854 2122 τοὺς
887 2081 975 2115 ὑπὸ
1010 2081 1154 2122 πόδας
1187 2081 1377 2123 τόπους,
1417 2081 1540 2125 ὥςπερ
1572 2081 1595 2123 ἢ
1626 2083 1696 2116 τοῦ

285 2148 398 2180 κενοῦ
432 2147 552 2186 πόδας
585 2146 740 2188 ἔχοντος
765 2146 788 2187 ἢ
815 2147 882 2188 τῆς
912 2145 1081 2189 ἀπειρίας
1115 2146 1154 2180 ἐν
1187 2146 1282 2189 αὐτῇ
1315 2145 1418 2179 κάτω
1455 2156 1490 2180 τι
1523 2146 1583 2179 καὶ
1616 2146 1696 2180 ἄνω

287 2210 484 2252 διανοῆσαι
512 2210 699 2252 διδούσης.

286 2276 380 2307 idem
409 2276 488 2308 adu.
515 2274 670 2306 Coloten
695 2275 717 2307 8
743 2286 776 2317 p.
801 2273 909 2307 llllb
953 2275 1011 2308 καὶ
1044 2274 1088 2308 τὸ
1121 2275 1187 2315 μὲν
1214 2276 1288 2308 πᾶν
1317 2273 1555 2317 (Ἐπίκουρος
1579 2273 1694 2316 λέγει)

287 2340 443 2382 ἄπειρον
469 2338 725 2380 ὑποτίθεσθαι,
752 2338 796 2372 τὸ
824 2339 855 2372 δ’
885 2339 964 2372 ἄνῳ
989 2340 1049 2372 καὶ
1076 2338 1178 2372 κάτω
1205 2340 1254 2381 μὴ
1282 2339 1456 2381 ἀναιρεῖν.

287 2404 382 2436 idem
408 2405 452 2435 de
480 2403 681 2435 Stoicorum
709 2404 949 2446 repugnantiis
974 2405 1020 2436 44
1047 2415 1079 2446 p.
1101 2402 1208 2437 1054b
1235 2403 1291 2437 ὅτι
1317 2406 1386 2437 τοῦ
1414 2403 1557 2444 κόσμου
1585 2403 1695 2437 κενὸν

288 2469 395 2509 ἐκτὸς
430 2469 584 2514 ἄπειρόν
622 2469 711 2510 ἐστι,
751 2468 795 2501 τὸ
823 2467 854 2501 6⁷
883 2468 1038 2510 ἄπειρον
1074 2468 1152 2501 οὒτ’
1181 2467 1299 2510 ἀρχὴν
1337 2468 1425 2501 οὔτε
1459 2468 1573 2509 μέσον
1606 2468 1695 2501 οὔτε

286 2534 503 2567 τελευταῖον
529 2533 614 2575 ἔχει,
641 2533 818 2573 πολλάκις
836 2533 898 2566 ὑπ’
918 2533 1036 2566 αὐτοῦ
1056 2532 1307 2576 (Χρυσίππου)
1333 2532 1491 2573 λέγεται.
1524 2533 1584 2566 καὶ
1608 2531 1694 2566 τού-

287 2608 342 2642 τῳ
369 2597 529 2639 μάλιστα
559 2599 630 2640 τὴν
656 2598 862 2640 λεγομένην
890 2598 951 2631 ὑπ’
981 2597 1200 2640 Ἐπικούρου
1227 2599 1295 2640 τῆς
1322 2597 1465 2639 ἀτόμου
1492 2597 1595 2630 κάτω
1624 2607 1693 2638 φο-

412 2724 452 2756 12
474 2725 516 2757 cs.
535 2724 641 2756 Alex.
662 2724 749 2757 ibid.
768 2735 800 2766 p.
822 2723 901 2762 194,
917 2723 937 2756 7
952 2734 1028 2767 sqq.
1063 2722 1078 2765 11
1112 2723 1159 2757 20
1179 2721 1295 2766 τινὸς]
1314 2723 1358 2756 τὸ
1379 2723 1493 2755 editur
1530 2722 1536 2767 Ι
1575 2722 1621 2756 23
1641 2733 1693 2754 se-

287 2783 404 2824 quitur
430 2783 594 2814 refutatio
635 2783 649 2825 ss
691 2782 737 2815 26
765 2783 806 2815 es.
835 2783 900 2824 Ep.
928 2793 983 2825 ep.
1008 2790 1020 2814 ῐ
1045 2782 1091 2814 60
1137 2784 1140 2824 Ι
1188 2782 1234 2815 28
1259 2780 1308 2825 τι]
1337 2792 1377 2815 τε
1404 2782 1513 2813 fertur

1724 957 1753 980 10

1723 1279 1752 1305 15

1719 1958 1752 1985 25

1718 2285 1751 2310 30

1716 2609 1748 2633 35
