1842 3250
173 577 243 612 486

174 804 241 837 487

172 1549 246 1583 488

175 1903 244 1938 489

268 228 338 263 306
764 228 967 260 EPICVRI
994 228 1180 260 ETHICA

268 343 396 393 κενὴν
437 343 677 394 ἐπιθυμίαν·
729 342 756 384 ἅ
795 357 859 394 τις
900 345 1091 394 χαλινῶν
1131 342 1310 385 δύναται
1349 342 1427 384 τὸν
1468 341 1675 393 μακάριον

269 416 411 471 ἑαυτῷ
441 417 717 467 περιποιῆσαι
749 415 968 467 λογισμόν.

269 487 512 522 Ponpmmvs
539 489 583 520 ad
610 489 817 521 Marcellam
845 488 889 522 29
914 500 947 532 p.
969 488 1049 526 208,
1069 488 1115 522 30
1139 489 1277 521 Nauck.

383 568 463 610 οὐκ
491 569 669 621 ἀπορεῖν
701 569 870 610 τούτων
900 568 1038 618 πόνος
1070 567 1200 619 ἐστίν,
1247 563 1358 609 ἀλλὰ
1388 566 1537 618 φέρειν
1574 568 1677 618 μᾶλ-

270 644 348 684 λον
378 643 455 684 τὸν
487 642 701 693 ἀνόνητον
734 643 779 683 ἐκ
811 643 897 683 τῶν
929 644 1067 683 κενῶν
1099 642 1236 683 δοξῶν
1267 638 1418 682 πόνον.

269 714 515 749 ΡιιιιΡιιΥιιιι-Ξ,
543 716 586 747 ad
616 716 824 748 Marcellam
850 715 891 748 31
922 726 956 758 p.
975 715 1055 754 209,
1078 714 1120 748 19
1145 715 1192 747 N.

382 799 531 837 malum
569 805 631 837 est
671 801 711 836 in
752 800 1002 837 necessitate
1041 800 1194 842 uiuere,
1240 798 1316 835 sed
1354 797 1394 834 in
1430 796 1678 834 necessitate

273 873 412 909 uiuere
443 873 670 910 necessitas
702 873 813 911 nulla
844 879 920 909 est.

269 942 415 976 SENECA
453 944 554 987 epist.
584 942 703 982 1210
742 942 845 985 ‘quid
879 943 970 974 enim
1004 942 1069 974 hac
1103 951 1192 974 uoce
1227 941 1454 984 praeclarius,
1494 950 1598 984 quam
1623 938 1680 971 illi

271 1008 471 1052 (epistulae)
507 1008 608 1040 trado
645 1007 689 1040 ad
723 1014 756 1039 te
791 1006 1060 1050 perferendam?
1113 1006 1268 1039 malum
1296 1029 1418 1039 .....
1447 1004 1570 1037 nulla
1604 1008 1680 1036 est.

270 1072 396 1116 quidni
423 1072 522 1105 nulla
551 1072 618 1104 sit?
645 1077 768 1115 patent
793 1072 950 1115 undique
976 1072 1020 1103 ad
1047 1071 1248 1103 libertatem
1275 1070 1355 1102 uiae
1381 1069 1513 1102 multae
1539 1069 1681 1107 breues,

270 1138 397 1171 faciles
425 1163 545 1170 .....
573 1137 762 1180 Epicurus,
790 1136 921 1179 inquiS,
950 1136 1056 1174 dixin
1084 1135 1170 1178 quid
1195 1135 1261 1167 tibi
1289 1145 1366 1167 cum
1393 1133 1535 1166 alieno?
1573 1132 1680 1175 Quod

270 1213 391 1234 uerum
419 1208 484 1241 est,
524 1212 638 1235 meum
666 1206 730 1234 est.
773 1201 1011 1244 perseum-abo
1038 1201 1230 1244 Epicurum
1258 1199 1323 1232 tibi
1348 1199 1521 1240 ingerere,
1559 1203 1596 1230 ut
1621 1198 1682 1230 isti

269 1267 330 1310 qui
357 1267 393 1299 in
417 1266 528 1299 uerba
554 1267 669 1298 iurant
701 1277 766 1299 nec
799 1265 886 1308 quid
920 1266 1058 1298 dicatur
1091 1265 1277 1298 aestimant
1310 1264 1373 1296 sed
1401 1274 1421 1296 a
1445 1273 1528 1307 quo,
1568 1263 1682 1296 sciant

270 1342 359 1375 quae
387 1332 520 1375 optima
547 1336 638 1369 sunt,
666 1341 744 1363 esse
772 1330 997 1364 communia'.

270 1396 313 1428 cf.
341 1396 516 1428 Maximus
541 1395 669 1438 Tyrius
697 1396 783 1428 diss.
811 1401 856 1427 111
886 1394 928 1428 10
957 1405 990 1437 p.
1008 1394 1055 1428 45
1081 1394 1211 1426 Reisk.
1252 1392 1288 1428 τί
1322 1393 1363 1427 δὲ
1401 1392 1568 1435 ἀνάγκης
1604 1391 1680 1426 ἑπι-

269 1460 508 1503 πονώτερον;

383 1540 408 1591 ἡ
451 1540 626 1590 ταπεινὴ
669 1539 785 1591 ψυχὴ
827 1541 918 1591 τοῖς
959 1540 1035 1591 μὲν
1078 1538 1398 1590 εὐημερήμασιν
1439 1537 1679 1590 ἐχαυνώθη,

270 1615 363 1664 ταῖς
395 1614 443 1655 δὲ
474 1615 722 1665 συμφοραῖς
753 1613 980 1668 καθῃρέθη.

271 1685 554 1720 Gnonmmfflon
579 1687 657 1720 cod.
677 1686 830 1719 Parisini
853 1685 943 1719 1168
961 1686 983 1720 f.
1004 1687 1068 1719 115
1095 1685 1240 1727 Γνῶμαι
1264 1685 1468 1729 ἐπικούρου
1496 1683 1681 1718 MAxmvs
1705 1689 1721 1713 2

271 1752 382 1784 abbas
410 1751 567 1793 gnomol.
599 1752 640 1785 18
665 1763 698 1794 p.
724 1752 788 1785 184
806 1752 888 1784 Tur.
916 1756 940 1784 t.
960 1758 985 1783 11
1012 1761 1045 1793 p.
1066 1749 1136 1784 590
1153 1750 1315 1783 Combef.
1342 1749 1564 1793 Ἐπικούρου
1607 1749 1682 1782 An-

272 1823 404 1849 snmvs
429 1817 466 1848 in
490 1816 729 1857 Paroemiogr.
751 1815 910 1857 Gotting.
939 1820 962 1848 t.
982 1822 1008 1847 τι
1034 1826 1067 1858 p.
1088 1815 1169 1854 451,
1193 1815 1234 1848 18
1261 1813 1412 1859 (subscr.
1432 1812 1682 1858 Ἐπικούρου).

385 1896 453 1937 καὶ
483 1897 535 1937 τὰ
564 1897 681 1948 παρὰ
713 1898 789 1947 τῆς
819 1895 952 1947 τύχης
984 1895 1213 1947 μικρότερα
1244 1894 1287 1946 (ἦ
1316 1894 1468 1947 φύσις)
1490 1894 1683 1936 διδάσκει

272 1969 469 2020 νομίζειν,
510 1969 578 2011 καὶ
610 1968 902 2021 εὐτυχοῦντας
934 1969 1011 2019 μὲν
1043 1968 1272 2018 γινώσκειν
1304 1965 1487 2019 ἀτυχεῖν,
1525 1969 1682 2008 δυστυ-

273 2044 461 2093 χοῦντας
491 2043 537 2084 δὲ
570 2043 623 2093 μὴ
655 2042 773 2093 παρὰ
810 2042 919 2093 μέγα
955 2041 1148 2083 τίθεσθαι
1185 2041 1236 2083 ὃν
1274 2041 1324 2083 τὸ
1367 2040 1571 2091 εὐτυχεῖν,
1615 2038 1684 2081 καὶ
1726 2052 1741 2076 5

396 2167 412 2200 1
443 2168 605 2209 χαλινῶν
631 2176 703 2198 non
732 2166 858 2198 dubito
884 2166 968 2208 quin
991 2175 1062 2197 non
1081 2165 1126 2198 sit
1142 2165 1290 2208 Epicuri
1325 2164 1331 2206 Ι
1366 2164 1387 2196 2
1411 2164 1687 2207 περιποιεῖσθαι

274 2225 315 2258 ci.
334 2225 517 2258 Nauckius
552 2225 567 2267 1}
601 2227 621 2258 4
647 2222 812 2268 τούτων]
831 2225 1011 2256 antecedit
1029 2224 1073 2258 τὸ
1092 2227 1170 2258 τῶν
1189 2226 1341 2259 πολλῶν
1359 2222 1502 2264 ἀγαθόν
1524 2221 1531 2266 Ι
1552 2219 1686 2265 πόνος]

275 2284 355 2316 fort.
373 2282 489 2318 κακόν
527 2282 533 2326 1
572 2285 593 2317 5
618 2285 697 2317 τῶν
716 2283 926 2318 κενοδόξων
945 2283 1074 2316 codex:
1101 2294 1189 2317 corr.
1208 2282 1393 2316 Nauckius
1435 2281 1450 2324 ss
1493 2281 1535 2314 13
1552 2277 1684 2323 meum]

274 2353 409 2374 mecum
428 2343 521 2386 MpP
543 2343 549 2385 k
571 2345 730 2384 iungere
747 2342 842 2385 MpP
880 2344 886 2384 Ι
927 2342 971 2375 14
997 2344 1175 2375 iurarunt
1190 2343 1253 2385 Mp
1276 2341 1282 2383 Ι
1304 2343 1444 2384 nequid
1458 2340 1528 2372 MP
1550 2339 1555 2383 Ι
1579 2340 1686 2372 aesti-

275 2407 377 2434 mant
393 2402 438 2434 P:
466 2404 658 2434 aestiment
673 2402 736 2444 Mp
759 2400 765 2444 Ι
787 2403 978 2444 sciantque
994 2413 1064 2444 que
1082 2403 1215 2444 optima
1234 2401 1346 2445 MpP:
1368 2410 1456 2433 corr.
1478 2399 1647 2431 Erasmus
1675 2394 1687 2442 Η

275 2460 320 2493 23
346 2459 394 2493 τὰ
420 2460 505 2502 περὶ
529 2460 597 2503 τῆς
622 2461 747 2502 ψυχῆς
773 2460 887 2492 codex
916 2461 923 2502 Ι
953 2459 1141 2494 διδάσκειν
1168 2459 1247 2492 cod.
1294 2459 1301 2502 Ι
1346 2459 1392 2493 25
1417 2458 1467 2501 μὴ
1493 2458 1579 2501 περὶ
1605 2456 1686 2490 cod.

276 2519 321 2553 cf.
349 2519 582 2552 Philodemus
609 2518 700 2551 VH²
724 2526 782 2552 vu
810 2519 876 2552 177
915 2518 960 2552 τὸ
988 2519 1028 2554 δὲ
1054 2519 1172 2562 μηθὲν
1198 2518 1296 2553 εἶναι
1321 2517 1442 2561 παρὰ
1470 2517 1582 2559 μέγα
1608 2517 1686 2550 τῶν

276 2577 414 2612 ἔξωθεν
447 2577 479 2612 εἴ
509 2588 579 2621 περ
611 2578 734 2621 ὀρθῶς
765 2578 911 2618 λέγεται
943 2578 1003 2612 καὶ
1035 2578 1080 2612 τὸ
1117 2576 1250 2621 μυρῖωι
1282 2575 1434 2619 μείζονα
1467 2575 1516 2609 τὰ
1546 2573 1687 2618 ψυχικὰ

274 2638 354 2670 τῶν
374 2637 498 2672 ἄλλων
519 2637 711 2679 ὑπάρχειν,
738 2636 860 2679 μόνην
886 2637 966 2671 ἔστι
991 2637 1062 2679 τὴν
1087 2635 1321 2680 φιλοσοφίαν
1347 2635 1538 2679 εὐεργέτιν
1564 2633 1686 2675 λέγειν

276 2698 354 2730 τῶν
379 2697 723 2739 προσπελαζόντων
748 2695 797 2730 τὰ
821 2695 1010 2739 πράγματ’
1038 2694 1162 2737 ἀγαθὰ
1187 2693 1551 2738 παρασκευάζουσαν
1585 2690 1591 2737 Ι
1625 2688 1685 2734 ὃν]

275 2754 331 2789 ὧν
357 2756 483 2788 codex.
522 2755 643 2788 nescio
673 2765 716 2787 an
744 2755 873 2787 rectius
901 2754 994 2787 desit

1705 1012 1736 1036 10

1706 1336 1737 1362 15
