1842 3250
169 248 208 281 fr.
236 245 306 281 293
652 246 857 278 EPICVRI
883 246 1101 278 PHYSICA
1515 245 1584 278 209

167 363 306 395 λουθον
334 359 540 403 φυλάττειν
569 360 742 402 βούλεται
771 358 1095 404 (Ἀσκληπιάδης),
1128 359 1173 394 τὸ
1199 360 1230 393 δ’
1259 360 1426 403 ἐναργῶς
1452 361 1584 402 φαινό-

168 435 282 468 μενον
318 424 543 468 ἀνατρέπειν
576 425 735 466 ἔμπαλιν
767 424 982 469 Ἐπικούρῳ.
1027 425 1140 465 τιθεὶς
1170 424 1243 468 γὰρ
1277 425 1418 465 ἐκεῖνος
1452 424 1507 459 dei
1541 425 1584 458 τὸ

168 489 401 532 φαινόμενον
434 488 557 523 αἰτίαν
592 489 710 523 αὐτοῦ
743 489 893 532 ψυχρὰν
927 488 1146 523 ἀποδίδωσι.
1199 489 1246 523 τὰ
1273 490 1344 532 γὰρ
1370 490 1584 523 ἀποπαλλό-

169 563 262 595 μενα
288 553 423 596 σμικρὰ
448 554 606 594 σώματα
631 556 700 594 τῆς
728 552 942 595 Ἡρακλείας
970 553 1074 588 λίθου
1102 554 1289 594 τοιούτοις
1317 554 1457 596 ἑτέροις
1483 564 1584 596 περι-

129 627 146 651 5
169 617 370 654 πλέκεσθαι
405 616 548 660 μορίοις
582 620 651 650 τοῦ
682 617 839 660 σιδήρου
874 619 1030 652 κᾶπειτα
1059 619 1118 652 διὰ
1145 620 1213 661 τῆς
1238 620 1468 661 περιπλοκῆς
1496 618 1585 652 ταύ·

167 694 237 726 της
272 683 330 716 καὶ
366 682 540 725 μηδαμοῦ
577 683 810 725 φαινομένης
846 684 1074 717 ἐπισπᾶσθαι
1110 684 1261 726 βαρεῖαν
1297 683 1420 723 οὕτως
1453 681 1586 716 οὐσίαν

168 747 239 782 οὐκ
268 746 340 781 οἶδ’
365 747 471 788 ὅπως
497 748 543 781 ἄν
569 757 624 788 τις
650 747 831 789 πεισθείη.
874 749 932 781 καὶ
959 748 1030 791 γὰρ
1059 747 1090 782 εἰ
1116 751 1232 781 τοῦτο
1260 747 1585 791 συγχωρήσαιμεν,

168 813 214 846 τό
237 822 280 854 γε
301 814 356 856 τῷ
383 810 528 855 σιδήρῳ
553 811 666 845 πάλιν
693 812 825 854 ἕτερον
852 812 1112 855 προστεθέντα
1139 812 1398 846 συνάπτεσθαι
1423 812 1494 854 τὴν
1522 811 1586 846 αὐ-

168 877 240 919 τὴν
281 875 403 910 αἰτίαν
443 876 571 910 οὐκέτι
611 875 819 919 προσίεται.
871 875 906 910 τί
941 877 1013 920 γὰρ
1048 877 1225 920 ἑροῦμεν;
1266 877 1289 918 ἢ
1326 877 1470 920 δηλαδὴ
1510 878 1588 910 τῶν

114 954 147 977 ιο
169 941 439 985 ἀπορρεόντων
470 943 538 983 τῆς
570 940 675 974 λίθου
707 940 849 984 μορίων
882 942 962 975 ἔνια
996 943 1062 983 μέν
1096 942 1415 984 προσκρούσαντα
1447 944 1502 984 τῷ
1534 949 1587 976 σι-

169 1006 273 1050 δήρῳ
305 1006 416 1040 πάλιν
443 1005 727 1040 ἀποπάλλεσθαι
762 1006 822 1039 καὶ
852 1008 972 1039 ταῦτα
1006 1007 1072 1047 μὲν
1106 1007 1201 1040 εἶναι
1228 1006 1273 1040 δι’
1300 1006 1356 1040 ὧν
1380 1006 1587 1049 κρέμασθαι

169 1070 362 1114 συμβαίνει
387 1070 456 1104 τὸν
483 1070 650 1113 σίδηρον,
679 1069 725 1104 τὰ
747 1070 778 1103 δ7
800 1070 850 1111 εἰς
878 1070 993 1104 αὐτὸν
1022 1070 1246 1112 εἰσδυόμενα
1274 1070 1334 1105 διὰ
1360 1072 1438 1104 τῶν
1465 1072 1587 1104 κενῶν

80 1147 146 1179 (48)
168 1135 300 1180 πόρων
327 1135 537 1179 διέρχεσθαι
563 1135 723 1177 τάχιστα
751 1136 909 1169 κᾶπειτα
936 1138 990 1179 τῷ
1018 1136 1282 1180 παρακειμένῳ
1309 1135 1452 1180 σιδήρῳ
1470 1143 1585 1178 προσ-

169 1201 357 1244 κρούοντα
384 1200 467 1243 μήτ’
496 1201 641 1234 ἐκεῖνον
670 1201 841 1234 διαδῦναι
869 1200 1051 1234 δύνασθαι
1078 1202 1138 1234 καὶ
1164 1201 1233 1234 τόν
1261 1211 1304 1241 γε
1330 1202 1485 1244 πρῶτον
1510 1200 1586 1234 δια-

114 1273 146 1298 15
169 1265 297 1306 δύντα,
335 1266 666 1308 παλινδρομοῦντα
700 1266 731 1299 δ’
761 1265 867 1306 αὖθις
899 1265 960 1299 ἐπὶ
992 1265 1060 1298 τὸν
1094 1266 1283 1309 πρότερον
1319 1265 1451 1309 ἑτέρας
1482 1265 1588 1306 αὖθις

169 1329 390 1374 ἐργάζεσθαι
423 1333 504 1370 ταῖς
534 1329 737 1372 προτέραις
769 1328 900 1371 ὁμοίας
932 1330 1179 1372 περιπλοκὰς;
1224 1330 1393 1372 ἐναργῶς
1425 1323 1587 1373 γὰρθέν·

167 1397 290 1428 ταῡθα
315 1394 360 1428 τὸ
387 1395 556 1437 ληρῶδες
581 1396 649 1436 τῆς
676 1393 797 1434 αἰτίας
823 1393 1025 1436 ἐλέγχεται.
1069 1397 1234 1438 γραφεῖα
1259 1397 1355 1435 γοῦν
1381 1396 1466 1430 οἶδά
1492 1406 1586 1430 ποτε

169 1459 304 1502 σιδηρᾶ
330 1459 443 1493 πέντε
470 1459 566 1493 κατὰ
591 1459 636 1493 τὸ
664 1460 821 1501 συνεχὲς
849 1458 1022 1501 ἀλλήλοις
1049 1460 1305 1502 συναφθέντα,
1335 1462 1405 1493 τοῦ
1429 1459 1586 1502 πρώτου

168 1524 236 1565 μὲν
263 1524 381 1566 μόνου
408 1527 476 1566 τῆς
509 1523 614 1558 λίθου
642 1524 874 1566 ψαύσαντος,
915 1525 951 1558 έΞ
978 1523 1123 1558 ἐκείνου
1152 1524 1182 1558 δ’
1212 1524 1263 1566 εἰς
1289 1523 1406 1558 τᾶλλα
1431 1526 1498 1566 τῆς
1525 1525 1587 1558 δυ-

112 1601 146 1626 20
168 1589 317 1630 νάμεως
343 1588 580 1631 διαδοθείσης
608 1616 614 1622 .
636 1616 642 1622 .
666 1616 672 1622 .
694 1616 700 1622 .
729 1589 854 1633 πάντῃ
884 1588 955 1632 γὰρ
983 1588 1121 1630 ὁμοίως
1148 1589 1170 1631 ἡ
1198 1591 1266 1631 τῆς
1292 1588 1398 1623 λίθου
1426 1589 1587 1623 διαδίδο-

168 1664 229 1688 ται
257 1653 422 1696 δύναμις,
463 1653 494 1688 εἰ
521 1654 639 1695 μόνον
666 1653 806 1695 ἅψαιτο
835 1653 931 1687 κατά
956 1664 990 1687 τι
1019 1656 1088 1687 τοὺ
1115 1654 1272 1696 πρώτου
1300 1653 1497 1696 γραφείου.
1528 1654 1587 1687 καὶ

170 1719 298 1760 μέντοι
335 1718 404 1752 κάκ
438 1719 579 1753 τούτου
614 1718 726 1752 πάλιν
760 1717 811 1758 εἰς
845 1719 888 1751 τὸ
924 1718 1102 1761 δεύτερον
1140 1719 1231 1753 ὅλον
1263 1719 1286 1760 ἡ
1323 1718 1478 1759 δύναμις
1512 1717 1588 1760 ἅμα

167 1783 328 1826 νοήματι
356 1784 499 1827 διαρρεῖ
525 1783 590 1818 κάξ
620 1782 766 1817 ἐκείνου
794 1783 906 1817 πάλιν
934 1782 984 1824 εἰς
1009 1783 1053 1817 τὸ
1079 1783 1208 1826 τρίτον
1235 1783 1336 1817 ὅλον.
1382 1782 1414 1817 εἰ
1434 1782 1519 1827 <δὲ>
1541 1783 1586 1824 δὴ

168 1847 325 1891 νοήσαις
350 1847 483 1892 μικράν
509 1859 593 1881 τινα
620 1847 724 1882 λίθον
743 1847 960 1890 Ἡρακλείαν
980 1847 1020 1881 ἐν
1040 1848 1130 1892 οἴκῳ
1148 1848 1220 1881 τινὶ
1244 1847 1492 1890 κρεμαμένην,
1520 1848 1586 1882 εἶτ’

113 1925 146 1950 25
170 1913 210 1947 ὲν
228 1913 354 1958 κύκλῳ
380 1912 583 1954 πάμπολλα
603 1913 779 1955 ψαύοντα
807 1912 957 1955 σιδήρια
979 1912 1164 1946 κάκείνων
1191 1913 1303 1947 πάλιν
1328 1913 1440 1955 ἕτερα
1468 1912 1586 1946 κάκεί-

82 1989 145 2021 (49)
169 1988 247 2011 νων
281 1978 374 2012 ἄλλα
406 1978 467 2011 καί
499 1978 602 2011 τοῦτ’
639 1978 723 2020 ἄχρι
755 1976 941 2019 πλείονος,
983 1977 1133 2011 ἅπαντα
1168 1976 1215 2019 δή
1248 1987 1322 2011 που
1356 1976 1589 2017 πίμπλασθαι

171 2042 241 2085 χρὴ
266 2042 315 2076 τὰ
341 2041 491 2086 σιδήρια
520 2045 600 2076 τῶν
627 2038 897 2085 ἀπορρεόντων
930 2044 997 2084 τῆς
1028 2041 1134 2076 λίθου
1162 2041 1352 2083 σωμάτων
1379 2043 1439 2075 καὶ
1467 2043 1588 2075 κινδυ-

169 2107 270 2141 νεύει
299 2107 579 2150 διαφορηθῆναι
611 2107 656 2141 τὸ
693 2107 849 2150 σμικρὸν
883 2107 1003 2141 ἐκεῖνο
1039 2106 1195 2141 λιθίδιον
1222 2106 1274 2148 εἰς
1303 2107 1371 2147 τὰς
1397 2105 1590 2149 ἀπορροὰς

171 2171 356 2206 διαλυθέν.
383 2170 445 2205 καί
469 2182 529 2206 τοι
557 2172 627 2205 κᾶν
654 2171 686 2206 εἰ
712 2172 829 2214 μηδὲν
854 2171 1084 2214 παρακέοιτο
1111 2171 1216 2214 αὐτῷ
1243 2170 1423 2214 σιδήριον,
1451 2170 1502 2210 εἰς
1521 2171 1588 2203 τὸν

115 2248 147 2274 30
171 2235 265 2279 ἀέρα
292 2236 538 2279 σκεδαννῡτο,
572 2236 717 2278 μάλιστ’
747 2235 779 2270 εἰ
805 2237 865 2270 καὶ
892 2236 1027 2279 θερμὸς
1053 2235 1226 2279 ὑπάρχοι.
1269 2235 1342 2277 ναί,
1370 2234 1482 2278 φησί·
1510 2244 1589 2276 σμι-

172 2301 241 2343 κρὰ
269 2300 341 2344 γὰρ
373 2301 472 2336 αὐτὰ
506 2301 577 2343 χρὴ
604 2301 706 2335 πάνυ
738 2304 851 2343 νοεῖν,
891 2301 985 2341 ὥςτε
1016 2302 1095 2334 τῶν
1129 2300 1400 2342 ἐμφερομένων
1426 2302 1481 2343 τῷ
1509 2299 1589 2342 ἀέρι

171 2365 387 2408 ψηγμάτων
405 2366 557 2399 τούτων
576 2366 622 2408 δὴ
641 2368 719 2400 τῶν
739 2365 1001 2408 σμικροτάτων
1030 2363 1184 2398 ἐκείνων
1203 2366 1365 2398 ἕκαστον
1386 2363 1590 2406 μυριοστὺν

173 2430 269 2464 εἶναι
295 2430 419 2473 μέρος.
469 2430 536 2464 εἶτ’
565 2430 602 2464 ἑξ
631 2430 734 2463 οὕτω
767 2431 934 2472 σμικρῶν
966 2431 1129 2471 τολμᾶτε
1161 2429 1284 2469 λέγειν
1314 2427 1588 2471 κρεμάννυσθαι

292 2540 314 2573 8
333 2540 444 2583 ἕτερα
464 2539 705 2583 προστιθέντι
724 2540 895 2571 edebatur
919 2539 923 2581 Ι
947 2540 993 2571 30
1012 2538 1260 2572 σκεδάννυται
1277 2539 1396 2571 fertur.
1423 2539 1465 2570 cf.
1478 2539 1590 2570 Arist.

171 2599 288 2642 probl.
307 2599 427 2638 33,10
449 2610 483 2642 p.
499 2597 586 2632 962¹>
607 2600 648 2632 15
673 2604 708 2630 et
737 2599 790 2637 10,
814 2598 856 2631 18
881 2609 915 2641 p.
933 2596 1022 2630 &92¹³
1038 2597 1082 2630 29
1110 2597 1233 2639 (Alex.
1262 2604 1301 2629 lv
1326 2597 1367 2630 51
1398 2607 1430 2639 p.
1455 2597 1507 2633 13,
1531 2597 1589 2639 15)

171 2657 386 2699 πλειστάκις
405 2658 450 2692 ἂν
469 2660 698 2701 πταρνῠντο,
724 2658 906 2690 Aristides
927 2669 976 2689 or.
997 2664 1039 2688 111
1062 2662 1085 2689 ι,
1102 2664 1114 2688 1
1133 2668 1166 2699 p.
1183 2656 1228 2689 36
1246 2656 1354 2687 Dind.
1374 2655 1426 2696 ὡς
1444 2655 1492 2697 μὴ
1513 2657 1589 2689 ἐπι-

173 2720 363 2760 μιγνῦντο,
390 2718 569 2752 Choerob.
590 2718 674 2750 dict.
693 2729 726 2760 p.
745 2717 827 2755 898,
843 2717 888 2749 22
908 2717 1020 2749 Gaisf.
1044 2717 1049 2758 ff
1072 2715 1221 2759 ὑπάρχῃ
1241 2717 1352 2756 uolgo
1392 2716 1397 2757 Ι
1439 2715 1482 2747 31
1508 2716 1589 2748 sort.

171 2777 244 2820 γὰρ
269 2777 317 2811 τὰ
343 2777 465 2819 ἄτομα
512 2778 516 2819 1
565 2776 608 2810 32
636 2777 812 2819 ἕκαστον]
843 2777 922 2809 ένια
973 2776 1058 2807 dum

1277 2845 1322 2879 14
