1846 3288
37 1036 82 1070 66

54 1462 85 1486 15

601 258 843 289 EPISTVLA
869 258 1035 289 PRIMA
1478 257 1519 288 21

109 376 179 414 mi
214 371 522 423 ἐνυπάρχουσα
561 370 586 420 ἡ
625 371 741 420 ψυχὴ
781 370 992 411 οὐδέποτε
1033 369 1168 411 ἄλλου
1209 371 1325 421 τινὸς
1363 370 1522 421 μέρους

110 444 443 495 ἀπηλλαγμένου
477 442 808 493 ἀναισθητήσει·
871 442 962 484 ἀλλ’
998 443 1024 484 ἂ
1056 442 1108 484 ἂν
1140 443 1208 484 καὶ
1239 443 1400 493 ταύτης
1428 447 1521 484 ξυν-

111 517 322 567 απόληται
354 517 431 557 τοῦ
463 516 754 566 στεγάζοντος
787 517 994 566 λυθέντος
1026 515 1064 557 εἴ
1095 515 1131 556 θ’
1165 516 1271 557 ὅλου
1304 514 1342 557 εἴ
1377 529 1422 557 τε
1454 516 1522 556 καὶ

109 590 268 641 μέρους
297 589 427 639 τινός,
464 588 541 630 ἐάν
572 602 651 639 περ
684 589 872 642 διαμένῃ,
906 588 987 630 ἕξει
1019 588 1096 638 τὴν
1129 587 1349 638 αἴσθησιν“
1392 588 1442 629 τὸ
1474 589 1521 629 δὲ

109 663 261 705 λοιπὸν
299 661 514 714 ἄθροισμα
553 662 756 712 διαμένον
800 662 867 702 καὶ
906 661 1011 702 ὅλον
1049 662 1116 702 καὶ
1152 662 1281 711 μέρος
1320 661 1397 702 οὐκ
1436 659 1522 711 ἔχει

107 737 185 786 τήν
218 735 419 786 αἴσθησιν
454 735 622 777 ἐκείνου
662 734 1008 785 ἀπηλλαγμένου,
1054 734 1164 776 ὅσον
1202 735 1307 776 ποτε
1346 734 1437 775 ἐστὶ
1471 733 1520 775 τὸ

108 810 335 851 συντεῖνον
366 811 454 849 τῶν
485 807 660 858 ἀτόμων
690 809 856 858 πλῆθος
891 807 950 858 εἰς
983 808 1060 857 τὴν
1093 809 1168 858 τῆς
1200 808 1343 857 ψυχῆς
1375 806 1521 857 φύσιν.

110 881 184 922 Καὶ
215 881 297 931 μὴν
327 880 396 921 καὶ
428 880 642 931 λυομένου
674 882 751 920 τοῦ
784 877 890 921 ὅλου
921 879 1213 930 ἀθροίσιιατος
1235 879 1259 929 ἡ
1284 880 1398 929 ψυχὴ
1433 882 1520 920 δια-

107 953 327 1006 σπείρεται
359 953 429 994 καὶ
459 953 603 994 οὐκέτι
634 952 721 1003 ἔχει
752 955 831 1003 τὰς
863 953 997 1002 αὐτὰς
1029 952 1231 1003 δυνάμεις
1265 951 1366 993 οὐδὲ
1399 954 1521 993 κινεῖ-

109 1041 187 1075 ται,
229 1026 346 1068 ὥστε
378 1025 470 1067 οὐδ’
503 1024 705 1076 αἴσθησιν
737 1026 944 1076 κέκτηται.
1004 1025 1055 1066 οὐ
1087 1026 1169 1075 γὰρ
1202 1024 1295 1066 οἶόν
1328 1037 1372 1066 τε
1403 1027 1521 1066 νοεῖν

106 1101 156 1142 τὸ
199 1098 519 1150 αἰσθανόμενον
565 1100 618 1149 μὴ
666 1099 712 1139 ἐν
755 1099 896 1153 τούτῳ
937 1103 997 1152 τῷ
1039 1098 1280 1147 συστήματι
1325 1099 1389 1138 καὶ
1428 1099 1520 1146 ταῖς

106 1174 301 1222 κινήσεσι
339 1173 515 1222 ταύταις
547 1171 782 1222 χρώμενον,
828 1170 932 1212 ὅταν
965 1172 1016 1212 τὰ
1050 1171 1318 1219 στεγάζοντα
1350 1172 1419 1211 καὶ
1448 1184 1520 1211 πε-

108 1246 317 1298 ριέχοντα
339 1246 391 1296 μὴ
424 1247 602 1286 τοιαῦτα
634 1245 671 1298 ᾗ
704 1246 750 1285 έν
783 1243 848 1294 οἷς
879 1247 956 1285 νῦν
989 1243 1101 1285 οὖσα
1135 1243 1221 1293 ἔχει
1253 1244 1413 1294 ταύτας
1444 1244 1521 1294 τὰς

108 1320 306 1370 κινήσεις.
367 1317 493 1359 Ἀλλὰ
526 1319 606 1368 μὴν
639 1318 707 1358 καὶ
744 1317 843 1358 τόδε
878 1331 924 1365 γε
958 1319 1021 1357 δεῖ
1051 1318 1396 1367 προσκατανοεῖν
1429 1315 1452 1356 ὅ
1484 1330 1520 1356 τι

232 1455 270 1486 14
303 1454 382 1487 καὶ
405 1454 520 1487 τόδε
557 1454 653 1494 λέγει
683 1454 721 1487 ἐν
750 1454 874 1493 ἄλλοις
901 1454 959 1486 καὶ
987 1454 1022 1486 έΞ
1050 1453 1201 1493 στόμων
1230 1452 1347 1493 αὐτὴν
1376 1453 1521 1491 συγκεῖ-

108 1515 193 1547 σθαι
219 1513 426 1547 λειοτάτων
445 1514 506 1546 καὶ
525 1512 887 1555 στρογγυλωτάτων,
918 1514 1042 1553 πολλῷ
1063 1522 1134 1543 τινι
1155 1511 1418 1552 διαφερουσῶν
1443 1512 1521 1542 τῶν

107 1575 176 1607 τοῦ
203 1574 332 1616 πυρός,
360 1574 420 1606 καὶ
448 1572 491 1605 τὸ
520 1573 586 1613 μέν
611 1583 646 1605 τι
675 1573 812 1612 ἄλογον
839 1573 964 1612 αὐτῆςἶ
993 1571 1012 1603 ὃ
1039 1573 1092 1613 τῷ
1112 1573 1230 1612 λοιπῷ
1259 1569 1522 1611 παρεσπάρθαι

108 1632 269 1673 σώματι·
300 1631 345 1665 τὸ
371 1632 411 1665 δὲ
437 1631 588 1672 λογικὸν
609 1632 648 1665 ἐν
668 1634 722 1674 τῷ
750 1631 902 1673 θώρακι,
931 1630 981 1670 ὡς
1009 1630 1123 1671 δῆλον
1152 1630 1190 1662 ἔκ
1218 1639 1258 1662 τε
1285 1630 1362 1661 τῶν
1389 1628 1520 1669 φόβων

229 1781 243 1813 1
274 1781 333 1814 καὶ
352 1792 409 1812 om
428 1781 459 1812 F
481 1780 485 1825 1
508 1781 609 1822 τινὸς
628 1781 742 1815 ἄλλου
763 1781 791 1811 Β
824 1778 841 1825 11
875 1781 895 1812 2
922 1778 1237 1822 ἀπηλλαγμέν1ου]
1257 1779 1291 1810 Η
1316 1776 1320 1811 2
1345 1778 1520 1818 ἀναισθη-

107 1848 161 1874 σει
181 1841 210 1872 Β
235 1839 459 1883 ἀναισθησία
484 1840 614 1882 reliqui
633 1840 737 1872 libri:
769 1850 857 1873 corr.
878 1840 1071 1871 Kuehnius
1094 1839 1099 1879 1
1123 1838 1202 1872 ἀλλ’
1221 1838 1244 1872 ἃ
1263 1839 1307 1872 ἀν
1325 1836 1404 1869 FP2
1429 1837 1521 1871 ἀλλὰ

106 1899 152 1933 ἂν
178 1899 305 1942 reliqui
340 1901 346 1941 1
381 1898 538 1942 ταύτης]
563 1899 683 1941 ταύτη
712 1899 796 1931 libi-i
829 1899 833 1941 1
868 1899 1122 1940 Ξυναπόληται
1149 1898 1211 1930 Gf:
1246 1897 1521 1938 ξυναπόλληται

106 1957 237 2000 FHPQ
272 1958 546 1992 ξυναπόλλυται
572 1959 601 1990 Β
655 1957 670 2000 11
725 1958 745 1990 3
771 1959 831 1992 καὶ
859 1969 914 1990 om
942 1958 971 1988 F
1024 1957 1039 1999 11
1092 1958 1113 1989 4
1142 1957 1305 1997 διαμένει
1333 1957 1360 1988 F
1396 1957 1400 1997 1
1438 1954 1522 1999 ἕξει]

107 2016 171 2051 ὀξὺ
197 2017 282 2049 libri
318 2015 324 2060 1
359 2018 404 2051 τὸ
433 2017 473 2051 δὲ
501 2042 508 2048 .
526 2041 533 2049 .
552 2042 582 2050 ..
611 2017 632 2049 6
659 2016 832 2059 αἴσθησιν
859 2027 916 2048 om
944 2017 1001 2054 fif,
1029 2016 1183 2048 restituit
1211 2028 1225 2047 s
1249 2017 1253 2057 1
1276 2016 1320 2049 τὸ
1349 2014 1401 2059 δὲ]
1431 2014 1521 2049 ἑκεί-

105 2086 174 2109 νου
202 2076 232 2107 F
271 2075 287 2119 11
330 2077 350 2109 5
377 2076 468 2111 ὅλου
495 2077 523 2108 Β
557 2077 562 2118 1
599 2077 658 2110 καὶ
684 2074 807 2120 μέρος]
834 2076 929 2109 κατὰ
956 2075 1066 2118 μέρος
1092 2075 1226 2117 BHPQ
1253 2076 1312 2108 καὶ
1339 2074 1434 2108 κατὰ
1461 2074 1521 2116 μέ-

105 2144 171 2178 ρος
199 2134 280 2167 FGs
337 2134 352 2178 11
408 2135 430 2169 8
458 2134 657 2179 λυομένου]
690 2135 877 2169 δυομένου
905 2135 933 2166 Β
973 2134 1220 2175 διαλυομένου
1248 2135 1276 2165 F
1333 2132 1350 2175 11
1408 2133 1430 2166 9
1462 2134 1521 2167 καί

106 2192 247 2239 οὐκέτι]
275 2194 355 2228 οὐθ’
384 2195 511 2230 οὐκέτι
537 2194 584 2227 B¹
610 2194 642 2229 εἰ
668 2195 698 2228 δ’
725 2196 852 2229 ουκέτι
878 2205 934 2226 rec
961 2193 1009 2226 13²
1026 2204 1084 2235 mg
1118 2192 1132 2235 11
1170 2193 1212 2226 10
1239 2193 1319 2226 οὐδ’
1348 2192 1521 2235 αἴσθησιν

106 2253 333 2296 οῦκὲκτηται
358 2255 387 2286 Β
423 2254 429 2296 1
464 2259 666 2296 κέκτηνται
691 2255 720 2285 P
762 2254 777 2295 1³,
822 2255 861 2287 11
890 2251 950 2297 τὸ]
979 2253 1072 2286 αὐτὸ
1099 2253 1182 2284 libri
1205 2252 1211 2294 1
1242 2250 1295 2296 ἐν]
1322 2253 1401 2284 fort.
1431 2242 1520 2297 (bv)

107 2313 147 2347 ἐν
168 2312 175 2358 1
199 2312 409 2356 συστήματι
438 2324 479 2346 ex
506 2312 679 2355 κινήματι
707 2324 784 2345 corr
812 2314 840 2344 F
874 2311 879 2356 1
915 2313 974 2346 καὶ
1001 2310 1093 2356 ταῖς]
1119 2314 1200 2352 ταῖς
1226 2311 1308 2343 FGs
1345 2310 1360 2353 11
1407 2311 1448 2343 12
1472 2310 1521 2344 τὰ

105 2377 188 2415 post
211 2372 304 2406 ὅταν
332 2383 389 2404 om
415 2373 432 2404 f
470 2372 485 2415 11
533 2373 574 2406 13
602 2373 753 2405 coniciat
781 2373 955 2415 quispiam
984 2371 1023 2405 ἐν
1050 2371 1143 2411 οἵοις
1174 2370 1179 2413 1
1214 2373 1282 2404 νῦν
1309 2370 1406 2403 οὖσα
1434 2369 1521 2414 ἔχει]

107 2431 230 2473 ἕχειαν
256 2431 353 2465 οὖσα
376 2432 415 2462 H
462 2430 478 2474 11
531 2432 572 2465 14
598 2431 653 2466 δεῖ
678 2431 773 2474 πρὸς
795 2431 840 2464 τὸ
867 2433 1066 2464 κατανοεῖν
1093 2431 1122 2461 F
1144 2431 1149 2473 1
1172 2429 1231 2463 ὅτι
1256 2429 1301 2463 τὸ
1328 2430 1412 2461 libri
1433 2427 1439 2473 1
1462 2429 1520 2463 ὅτι

106 2489 152 2524 τὸ
177 2488 381 2531 ἀσώματον
407 2501 465 2522 om
491 2491 514 2529 f,
542 2491 695 2523 restituit
721 2490 915 2523 sambucus

229 2549 272 2581 16
297 2549 638 2591 στρογγυλοτάτων
662 2551 724 2582 BF
759 2547 1142 2593 στρογγυ[λω1τάτων
1169 2549 1216 2581 Ρ2
1237 2550 1242 2591 1
1264 2551 1343 2582 τῶν
1370 2558 1427 2579 om
1454 2547 1485 2579 G
1510 2546 1522 2588 11

109 2607 151 2640 17
179 2607 245 2648 μέν
269 2617 303 2640 τι
329 2607 507 2642 Cobetus:
536 2610 664 2651 μέντοι
683 2610 767 2641 libri
790 2608 795 2653 1
818 2609 990 2652 ἄλοζγον)
1018 2620 1096 2642 cum
1123 2609 1326 2651 conpendio
1353 2606 1450 2650 quod
1469 2616 1521 2645 ως

106 2666 347 2708 interpreteris
365 2668 394 2698 P
420 2666 593 2712 ᾰ1λογον]
612 2669 647 2700 Η
670 2671 676 2710 1
699 2670 950 2711 παρέσαρθρε.
975 2673 1009 2700 et
1031 2668 1067 2699 in
1092 2679 1149 2709 mg
1175 2678 1219 2699 m.
1240 2677 1306 2699 rec.
1329 2665 1471 2708 ”σπάρη
1491 2665 1520 2695 Β

109 2727 360 2769 παρεσαρθρεῑ
386 2727 553 2769 FGHPQ
587 2729 815 2770 παρεσαθρεῑ
841 2727 869 2759 s:
904 2737 991 2758 corr.
1021 2727 1260 2759 Schneiderus
1311 2725 1326 2768 11
1378 2724 1421 2758 18
1446 2724 1518 2757 θώ-

107 2783 204 2829 ρακι]
231 2785 377 2827 σώματι
403 2785 460 2824 Gr,
486 2797 533 2830 γρ
558 2786 605 2818 1³²
627 2797 685 2828 mg
708 2787 713 2829 1
736 2785 861 2828 δήλων
888 2785 935 2818 F²
957 2785 963 2829 1
985 2786 1106 2828 φόβοι·
1134 2785 1179 2817 Β1
