1842 3250
102 630 118 655 5

46 780 117 814 524

87 982 119 1005 m

46 1122 114 1156 525

51 2317 121 2351 526

90 2393 122 2419 31

637 246 844 278 'EPICVRI
870 246 1058 279 ETHICA
1484 245 1553 280 319

139 361 234 404 μηδὲ
260 360 475 404 παράγεσθε
506 361 600 403 μηδὲ
628 360 864 396 διαπίπτετε·
901 361 970 396 οὐκ
997 361 1076 395 ἔστι
1103 361 1244 404 φυσικὴ
1273 359 1451 397 κοινωνία
1476 363 1556 401 τοῖς

140 428 303 467 λογικοῖς
328 425 422 468 πρὸς
450 424 647 468 ἀλλήλους,
675 427 903 461 πιστεύσατε
929 436 1008 468 μοι·
1039 426 1075 460 οἱ
1102 427 1142 460 δὲ
1166 426 1215 460 τὰ
1242 427 1352 470 ἕτερα
1379 427 1554 467 λέγοντες

141 490 377 524 ἐξαπατῶσιν
403 490 499 531 ὑμᾶς
525 490 585 524 καὶ
613 490 940 533 παραλογίζονται.

141 554 228 588 ibid.
255 555 313 593 20,
333 554 380 587 20
405 554 509 588 οὕτω
535 555 595 588 καὶ
622 554 839 598 Ἐπίκουρος
864 556 910 589 τὰ
937 556 1004 597 μὲν
1031 555 1168 598 ἀνδρὸς
1191 555 1302 590 πάντ7
1331 554 1554 597 ἀπεκόψατο

141 619 202 653 καί
226 618 274 652 τὰ
298 617 574 653 οἰκοδεσπότου
600 620 660 653 καί
686 618 843 654 πολίτου
870 620 930 654 καὶ
955 619 1080 662 φίλου,
1107 620 1174 661 τὰς
1198 620 1239 654 δὲ
1262 619 1473 663 προθυμίας
1489 618 1557 660 τὰς

141 681 382 726 ἀνθρωπικὰς
408 682 478 717 οὐκ
504 682 739 726 ἀπεκόψατο,
767 684 812 718 οὺ
837 685 910 727 γὰρ
937 683 1117 726 ἠδύνατο.

262 773 460 809 HORATIVS
488 780 553 808 sat.
572 783 587 809 1
605 776 640 814 3,
655 776 700 810 98
726 776 820 820 'ipsa
838 777 985 816 utilitas,
1003 778 1087 810 iusti
1105 788 1219 821 prope
1237 782 1349 810 mater
1369 783 1403 810 et
1421 777 1526 821 aequi
1538 777 1556 810 ¹.

140 838 397 873 PLVTARCHVS
424 839 469 872 de
497 841 638 873 occulte
662 842 823 874 uiuendo
849 842 871 875 4.
891 853 922 885 p.
943 841 1055 876 112912
1081 843 1147 876 ἐὰν
1174 842 1216 877 δέ
1242 853 1297 883 τις
1324 842 1365 877 ἑν
1391 842 1458 884 μὲν
1485 852 1556 884 φυ-

141 907 259 945 σικοῖς
291 904 380 939 Θεὸν
417 905 515 948 ὑμνῇ
551 906 612 939 καὶ
646 905 753 949 δίκην
785 908 847 941 καὶ
879 908 1074 950 πρόνοιαν,
1115 908 1155 942 ὲν
1189 908 1229 942 δέ
1262 907 1406 950 ἠθικοῖς
1439 907 1558 950 νόμον

141 969 203 1003 καὶ
228 967 431 1004 κοινωνίαν
457 971 518 1004 καί
546 970 751 1014 πολιτείαν,
788 972 836 1006 ἐν
865 972 906 1006 δὲ
933 971 1147 1017 πολιτείᾳ
1173 972 1218 1007 τὸ
1245 972 1362 1007 καλὸν
1387 972 1480 1007 ἀλλὰ
1508 972 1557 1014 μή

141 1033 225 1075 τὴν
251 1032 428 1078 χρείαν,
456 1034 517 1069 διὰ
543 1034 579 1069 τί
605 1034 702 1079 λάθῃ
731 1036 886 1077 βιώσας;

261 1125 463 1159 ΑΒΒΙΑΝΥΞ
493 1127 610 1170 Epict.
642 1128 782 1161 dissert.
810 1135 825 1161 1
851 1127 908 1167 23,
934 1129 949 1161 1
991 1128 1133 1163 ἐπινοεῖ
1159 1130 1220 1163 καὶ
1244 1128 1473 1172 Ἐπίκουρος,
1501 1129 1560 1164 ὅτι

141 1188 278 1230 φύσει
315 1190 453 1232 ἐσμὲν
492 1192 780 1226 κοινωνικοί·
825 1191 902 1226 ἀλλ’
937 1192 1034 1227 ἅπαξ
1070 1193 1109 1227 ἑν
1136 1195 1191 1237 τῷ
1219 1193 1374 1235 κελύφει
1406 1195 1482 1235 θεὶς
1513 1194 1559 1228 τὸ

142 1251 286 1294 ἀγαθὸν
313 1254 423 1296 ἡμῶν
450 1255 577 1290 οὐκέτι
606 1255 764 1290 δύναται
797 1257 887 1291 ἄλλο
915 1257 1028 1291 οὐδὲν
1055 1256 1189 1292 εἰπεῖν·
1229 1258 1342 1292 πάλιν
1369 1258 1441 1302 γὰρ
1468 1258 1560 1293 ἑκεί-

103 1329 117 1353 r,
142 1328 211 1351 νου
242 1316 324 1352 λίαν
351 1322 489 1362 κρατεῖ,
519 1320 577 1354 ὅτι
604 1321 650 1354 οὐ
678 1320 733 1355 δεῖ
758 1320 1054 1362 ἀπεσπασμένον
1083 1322 1197 1356 οὐδὲν
1223 1324 1292 1364 τῆς
1316 1325 1386 1357 τοῦ
1413 1322 1559 1364 ἀγαθοῦ

142 1381 274 1423 οὐσίας
300 1383 389 1419 οὔτε
407 1385 612 1426 θαυμάζειν
639 1386 720 1419 οὔτ’
741 1385 1005 1427 ἀποδέχεσθαι,
1034 1387 1095 1420 καὶ
1120 1389 1243 1428 καλῶς
1270 1387 1388 1421 αὐτοῦ
1415 1391 1559 1431 κρατεῖ·

142 1449 225 1489 πῶς
252 1446 321 1481 οὖν
348 1447 599 1491 ὑπονοητικοί
626 1448 750 1491 ἐσμεν,
793 1447 850 1489 οἷς
876 1448 925 1491 μὴ
953 1449 1096 1491 φυσική
1124 1449 1204 1483 ἐστι
1229 1450 1323 1492 πρὸς
1350 1449 1397 1483 τὰ
1423 1450 1562 1492 ἔκγονα

141 1511 409 1555 φιλοστοργίας
451 1511 511 1547 διὰ
537 1511 573 1546 τί
600 1513 1031 1555 ἀποσυμβουλεύεις
1062 1517 1126 1558 τῷ
1160 1517 1289 1558 σοφῷ
1313 1524 1560 1558 τεκνοτρο-

144 1578 266 1618 φεῖν;
305 1575 342 1611 τί
368 1578 470 1622 φοβῇ
503 1578 553 1620 μὴ
588 1578 648 1612 διὰ
683 1580 804 1612 ταῦτα
839 1577 891 1619 εἰς
922 1579 1043 1619 λύπας
1069 1578 1232 1623 ἑμπὲσῃ;
1400 1580 1454 1623 (5)
1480 1579 1558 1614 ἀλλ’

87 1652 102 1677 2
144 1640 248 1676 οἶδεν
275 1641 334 1676 ὅτι
361 1642 406 1676 ἂν
432 1642 530 1677 ἅπαξ
555 1642 712 1686 γένηται
738 1642 901 1687 παιδίον,
930 1643 1057 1677 οὐκέτι
1076 1643 1136 1687 ἐφ’
1157 1643 1244 1686 ἡμῖν
1270 1643 1350 1678 ἐστι
1377 1645 1426 1687 μὴ
1453 1645 1560 1688 στέρ-

143 1716 225 1748 γειν
251 1706 347 1749 μηδὲ
372 1707 588 1750 φροντίζειν
616 1707 674 1742 ἐπ’
694 1707 810 1751 αὐτῷ.
839 1706 899 1741 διὰ
925 1707 1042 1742 τοῦτό
1068 1717 1186 1750 φησιν
1214 1709 1320 1742 οὐδὲ
1346 1710 1560 1743 πολιτεύ-

145 1773 308 1806 σεσθαι
341 1772 421 1805 τὸν
456 1775 568 1807 νοῠν
602 1772 780 1814 ἔχοντα.
947 1772 1003 1815 (7)
1031 1771 1110 1806 ἀλλ’
1143 1772 1164 1806 ὃ
1197 1773 1265 1814 μὲν
1297 1771 1407 1814 εἰδὼς
1437 1775 1560 1808 ταῦτα

143 1837 264 1881 τολμᾷ
289 1836 424 1879 λέγειν,
453 1836 512 1870 ὅτι
539 1836 595 1879 μὴ
624 1836 920 1880 ἀναιρώμεθα
946 1836 1094 1871 τέκνα.

145 1901 240 1934 idem
267 1901 358 1933 ibid.
385 1909 428 1934 1v
458 1901 514 1940 11,
535 1902 552 1935 1
595 1900 878 1944 ἀμφισβητοῦσί
905 1911 1015 1944 τινες,
1055 1899 1086 1935 εἰ
1116 1900 1156 1935 ἐν
1182 1903 1229 1945 τῇ
1262 1901 1375 1944 φύσει
1402 1904 1471 1936 τοῦ
1498 1901 1560 1936 ἁν-

90 1989 103 1998 .
144 1965 302 2008 θρώπου
329 1966 541 2009 περιέχεται
567 1966 612 2000 τὸ
639 1967 874 2004 κοινωνικόν.

145 2029 233 2063 ibid,
260 2031 357 2070 1117,
379 2030 421 2064 19
452 2031 521 2065 τὸν
547 2031 635 2065 θεόν
663 2039 734 2074 σοι,
762 2031 923 2072 ἐπινοεῖς
949 2029 1215 2074 Ἐπικουρείων
1241 2031 1368 2071 πόλιν;
1394 2030 1487 2073 Ἐγὼ
1514 2030 1560 2066 οὺ

144 2096 265 2137 γαμῶ.
294 2094 383 2129 Οὐδ’
403 2095 501 2138 ἐγώ·
528 2096 574 2130 οὐ
593 2095 665 2139 γὰρ
683 2095 887 2139 γαμητέον.
914 2095 1010 2130 Ἀλλ’
1030 2095 1121 2130 οὐδὲ
1147 2096 1455 2139 παιδοποιητέον,
1481 2094 1561 2130 ἀλλ’

145 2159 236 2194 οὐδὲ
264 2161 522 2196 πολιτευτέον.
563 2154 608 2195 Τί
633 2160 701 2196 οὖν
728 2161 900 2203 γένηται;
934 2160 1052 2194 πόθεν
1079 2159 1115 2194 οἱ
1141 2161 1307 2202 πολῖται;
1339 2159 1395 2202 τίς
1420 2160 1562 2202 αὐτοὺς

145 2224 342 2259 παιδεύσει
373 2251 380 2258 .
401 2251 409 2258 .
430 2235 463 2265 .;
488 2223 526 2258 τί
552 2224 593 2258 δὲ
620 2224 680 2258 καί
705 2222 900 2258 παιδεύσει
927 2223 1082 2264 αὐτούς

269 2315 447 2351 CLEMENS
472 2317 580 2350 Alex.
609 2323 729 2351 strom.
756 2323 787 2351 11
803 2316 848 2350 23
875 2327 908 2360 p.
931 2317 1009 2360 181,
1028 2316 1073 2351 25
1104 2316 1345 2360 Δημόκριτος
1371 2317 1412 2351 δὲ
1438 2316 1561 2358 γάμον

147 2381 207 2416 καὶ
233 2380 478 2417 παιδοποιίαν
503 2384 741 2425 παραιτεῖται
774 2381 834 2416 διὰ
866 2381 934 2422 τὰς
964 2380 1107 2421 πολλὰς
1133 2381 1169 2416 ἐξ
1197 2381 1325 2415 αὐτῶν
1355 2379 1487 2424 ἀηδίας
1517 2390 1560 2416 τε

146 2446 208 2481 καὶ
233 2445 404 2489 ἀφολκὰς
435 2446 511 2481 ἀπὸ
542 2449 621 2480 τῶν
654 2446 972 2489 ἀναγκαιοτέρων.
1014 2445 1362 2487 συγκατατάττεται
1389 2445 1430 2480 δὲ
1455 2445 1560 2489 αὐτῷ

268 2591 289 2624 3
317 2591 354 2624 in
381 2590 497 2633 ampla
523 2597 557 2624 et
582 2590 701 2623 inutili
733 2590 948 2623 refutatione
981 2590 1149 2632 leguntur
1180 2600 1273 2633 quae
1298 2601 1332 2634 p.
1351 2589 1411 2628 87,
1434 2591 1475 2624 13
1502 2600 1561 2634 ap·

147 2647 253 2695 posui
303 2649 320 2693 ss
367 2650 389 2683 ‘a'
415 2650 523 2682 credo
556 2650 683 2693 ἰρςιιιῑι’
700 2649 894 2692 Epicurum
926 2648 1062 2681 dixisse
1100 2649 1123 2691 ἡ
1151 2648 1255 2691 χρεία
1287 2650 1411 2692 ὥςπερ
1437 2649 1561 2693 μήτηρ

147 2707 228 2743 ἐστὶ
252 2709 324 2742 τοῦ
353 2706 510 2742 δικαίου.
537 2708 627 2740 alibi
653 2707 851 2751 συμφέρον
877 2707 978 2746 dixit,
1006 2714 1043 2741 ut
1069 2713 1292 2742 sent.xxx1.
1319 2715 1450 2743 xxxvx
1469 2719 1522 2751 sq.
1549 2708 1561 2755 ῃ

151 2765 194 2800 18
209 2777 287 2809 sqq.
315 2767 360 2800 cs.
388 2767 564 2799 Maximus
592 2767 722 2810 Tyrius
749 2766 837 2800 diss.
868 2774 911 2800 ΠΙ
937 2766 959 2799 9
985 2777 1019 2810 p.
1038 2767 1085 2801 43
1103 2767 1232 2801 Reisk.
