<?xml version="1.0" encoding="UTF-8"?>
<!DOCTYPE html PUBLIC "-//W3C//DTD XHTML 1.0 Transitional//EN"
    "http://www.w3.org/TR/xhtml1/DTD/xhtml1-transitional.dtd">
<html xmlns="http://www.w3.org/1999/xhtml" xml:lang="en" lang="en">
 <head>
  <title>
</title>
<meta http-equiv="Content-Type" content="text/html;charset=utf-8" />
  <meta name='ocr-system' content='tesseract 3.04.00' />
  <meta name='ocr-capabilities' content='ocr_page ocr_carea ocr_par ocr_line ocrx_word'/>
</head>
<body>
  <div class='ocr_page' id='page_1' title='image "./epicvreaedidithe00epicuoft/epicvreaedidithe00epicuoft_0058.png"; bbox 0 0 1846 3288; ppageno 0'>
   <div class='ocr_carea' id='block_1_1' title="bbox 314 298 1167 332">
    <p class='ocr_par' dir='ltr' id='par_1_1' title="bbox 314 298 1167 332">
     <span class='ocr_line' id='line_1_1' title="bbox 314 298 1167 332; baseline 0 -1"><span class='ocrx_word' id='word_1_1' title='bbox 314 300 399 332; x_wconf 83' lang='lat' dir='ltr'>LIV</span> <span class='ocrx_word' id='word_1_2' title='bbox 874 298 1167 331; x_wconf 81' lang='lat' dir='ltr'>PRAEEATIO</span> 
     </span>
    </p>
   </div>
   <div class='ocr_carea' id='block_1_2' title="bbox 310 411 1728 2687">
    <p class='ocr_par' dir='ltr' id='par_1_2' title="bbox 314 411 1727 531">
     <span class='ocr_line' id='line_1_2' title="bbox 315 411 1727 466; baseline 0 -13"><span class='ocrx_word' id='word_1_3' title='bbox 315 416 423 454; x_wconf 86' lang='lat' dir='ltr'>liano</span> <span class='ocrx_word' id='word_1_4' title='bbox 463 415 574 453; x_wconf 89' lang='lat' dir='ltr'>Treu</span> <span class='ocrx_word' id='word_1_5' title='bbox 592 411 620 462; x_wconf 79' lang='lat'>¹,</span> <span class='ocrx_word' id='word_1_6' title='bbox 667 416 778 453; x_wconf 89' lang='lat' dir='ltr'>unde</span> <span class='ocrx_word' id='word_1_7' title='bbox 822 415 1017 452; x_wconf 86' lang='lat' dir='ltr'>nonnulla</span> <span class='ocrx_word' id='word_1_8' title='bbox 1060 416 1212 453; x_wconf 83' lang='lat' dir='ltr'>rectius</span> <span class='ocrx_word' id='word_1_9' title='bbox 1258 415 1375 453; x_wconf 87' lang='lat' dir='ltr'>scribi</span> <span class='ocrx_word' id='word_1_10' title='bbox 1421 421 1630 466; x_wconf 84' lang='lat' dir='ltr'><strong>poterant:</strong></span> <span class='ocrx_word' id='word_1_11' title='bbox 1682 421 1727 454; x_wconf 88' lang='lat' dir='ltr'>ut</span> 
     </span>
     <span class='ocr_line' id='line_1_3' title="bbox 314 478 1725 531; baseline 0 -10"><span class='ocrx_word' id='word_1_12' title='bbox 314 494 352 531; x_wconf 81' lang='lat' dir='ltr'>p.</span> <span class='ocrx_word' id='word_1_13' title='bbox 375 483 466 530; x_wconf 84' lang='lat'>115,</span> <span class='ocrx_word' id='word_1_14' title='bbox 487 483 538 521; x_wconf 85' lang='lat'>32</span> <span class='ocrx_word' id='word_1_15' title='bbox 569 494 652 519; x_wconf 86' lang='lat' dir='ltr'>non</span> <span class='ocrx_word' id='word_1_16' title='bbox 673 479 738 531; x_wconf 80' lang='grc' dir='ltr'>τίς</span> <span class='ocrx_word' id='word_1_17' title='bbox 764 478 816 520; x_wconf 86' lang='grc' dir='ltr'>οὐ</span> <span class='ocrx_word' id='word_1_18' title='bbox 840 481 916 518; x_wconf 87' lang='lat' dir='ltr'>sed</span> <span class='ocrx_word' id='word_1_19' title='bbox 937 478 1002 531; x_wconf 85' lang='grc' dir='ltr'>τίς</span> <span class='ocrx_word' id='word_1_20' title='bbox 1029 479 1089 531; x_wconf 79' lang='grc' dir='ltr'>δὲ,</span> <span class='ocrx_word' id='word_1_21' title='bbox 1111 494 1202 519; x_wconf 87' lang='lat' dir='ltr'>curn</span> <span class='ocrx_word' id='word_1_22' title='bbox 1227 482 1314 519; x_wconf 78' lang='lat' dir='ltr'>libri</span> <span class='ocrx_word' id='word_1_23' title='bbox 1335 479 1400 531; x_wconf 83' lang='grc' dir='ltr'>τίς</span> <span class='ocrx_word' id='word_1_24' title='bbox 1421 489 1473 521; x_wconf 85' lang='grc' dir='ltr'>σε</span> <span class='ocrx_word' id='word_1_25' title='bbox 1493 481 1725 521; x_wconf 85' lang='lat' dir='ltr'>exhibeant.</span> 
     </span>
    </p>

    <p class='ocr_par' dir='ltr' id='par_1_3' title="bbox 313 547 1726 799">
     <span class='ocr_line' id='line_1_4' title="bbox 426 547 1726 597; baseline 0.002 -12"><span class='ocrx_word' id='word_1_26' title='bbox 426 547 574 586; x_wconf 84' lang='lat' dir='ltr'>Restat</span> <span class='ocrx_word' id='word_1_27' title='bbox 605 554 648 586; x_wconf 86' lang='lat' dir='ltr'>ut</span> <span class='ocrx_word' id='word_1_28' title='bbox 679 549 733 585; x_wconf 88' lang='lat' dir='ltr'>de</span> <span class='ocrx_word' id='word_1_29' title='bbox 765 547 988 585; x_wconf 82' lang='lat' dir='ltr'>fontibus</span> <span class='ocrx_word' id='word_1_30' title='bbox 1022 548 1416 597; x_wconf 84' lang='lat' dir='ltr'>fragmentorum</span> <span class='ocrx_word' id='word_1_31' title='bbox 1458 548 1629 586; x_wconf 83' lang='lat' dir='ltr'>dicatur.</span> <span class='ocrx_word' id='word_1_32' title='bbox 1677 561 1726 588; x_wconf 88' lang='lat' dir='ltr'>ac</span> 
     </span>
     <span class='ocr_line' id='line_1_5' title="bbox 313 615 1726 665; baseline 0 -12"><span class='ocrx_word' id='word_1_33' title='bbox 313 616 367 653; x_wconf 84' lang='lat' dir='ltr'>de</span> <span class='ocrx_word' id='word_1_34' title='bbox 401 615 673 653; x_wconf 72' lang='lat' dir='ltr'>sectatoribus</span> <span class='ocrx_word' id='word_1_35' title='bbox 704 615 783 652; x_wconf 85' lang='lat' dir='ltr'>etsi</span> <span class='ocrx_word' id='word_1_36' title='bbox 814 620 1012 664; x_wconf 83' lang='lat' dir='ltr'>quantum</span> <span class='ocrx_word' id='word_1_37' title='bbox 1042 615 1139 653; x_wconf 86' lang='lat' dir='ltr'>satis</span> <span class='ocrx_word' id='word_1_38' title='bbox 1165 622 1227 653; x_wconf 86' lang='lat' dir='ltr'>est</span> <span class='ocrx_word' id='word_1_39' title='bbox 1249 617 1426 653; x_wconf 83' lang='lat' dir='ltr'>breuiter</span> <span class='ocrx_word' id='word_1_40' title='bbox 1446 616 1600 665; x_wconf 82' lang='lat' dir='ltr'>monui,</span> <span class='ocrx_word' id='word_1_41' title='bbox 1632 623 1726 653; x_wconf 86' lang='lat' dir='ltr'>sunt</span> 
     </span>
     <span class='ocr_line' id='line_1_6' title="bbox 314 681 1723 732; baseline 0.001 -14"><span class='ocrx_word' id='word_1_42' title='bbox 314 688 451 719; x_wconf 83' lang='lat' dir='ltr'>tamen</span> <span class='ocrx_word' id='word_1_43' title='bbox 490 682 612 719; x_wconf 81' lang='lat' dir='ltr'>fontis</span> <span class='ocrx_word' id='word_1_44' title='bbox 649 681 715 731; x_wconf 84' lang='lat' dir='ltr'>qui</span> <span class='ocrx_word' id='word_1_45' title='bbox 757 682 812 718; x_wconf 80' lang='lat' dir='ltr'>ad</span> <span class='ocrx_word' id='word_1_46' title='bbox 844 683 1015 720; x_wconf 89' lang='lat' dir='ltr'>eosdem</span> <span class='ocrx_word' id='word_1_47' title='bbox 1051 682 1245 732; x_wconf 84' lang='lat' dir='ltr'><strong>pertinuit</strong></span> <span class='ocrx_word' id='word_1_48' title='bbox 1277 695 1385 721; x_wconf 86' lang='lat' dir='ltr'>nunc</span> <span class='ocrx_word' id='word_1_49' title='bbox 1417 683 1623 732; x_wconf 74' lang='lat' dir='ltr'>deperditi</span> <span class='ocrx_word' id='word_1_50' title='bbox 1655 694 1723 720; x_wconf 86' lang='lat' dir='ltr'>ue·</span> 
     </span>
     <span class='ocr_line' id='line_1_7' title="bbox 314 749 1275 799; baseline 0 -12"><span class='ocrx_word' id='word_1_51' title='bbox 314 749 434 798; x_wconf 84' lang='lat' dir='ltr'>stigia</span> <span class='ocrx_word' id='word_1_52' title='bbox 466 749 673 799; x_wconf 81' lang='lat' dir='ltr'>quaedam</span> <span class='ocrx_word' id='word_1_53' title='bbox 707 749 939 786; x_wconf 79' lang='lat' dir='ltr'>accuratius</span> <span class='ocrx_word' id='word_1_54' title='bbox 969 750 1275 799; x_wconf 81' lang='lat' dir='ltr'>persequenda.</span> 
     </span>
    </p>

    <p class='ocr_par' dir='ltr' id='par_1_4' title="bbox 310 815 1728 2687">
     <span class='ocr_line' id='line_1_8' title="bbox 425 815 1723 866; baseline 0 -13"><span class='ocrx_word' id='word_1_55' title='bbox 425 815 635 853; x_wconf 77' lang='lat' dir='ltr'>Dilectum</span> <span class='ocrx_word' id='word_1_56' title='bbox 666 821 707 853; x_wconf 89' lang='lat' dir='ltr'>et</span> <span class='ocrx_word' id='word_1_57' title='bbox 737 816 1066 865; x_wconf 71' lang='lat' dir='ltr'>grauissimarum</span> <span class='ocrx_word' id='word_1_58' title='bbox 1096 817 1395 854; x_wconf 85' lang='lat' dir='ltr'>sententiarum</span> <span class='ocrx_word' id='word_1_59' title='bbox 1416 817 1723 866; x_wconf 75' lang='lat' dir='ltr'>excerptionem</span> 
     </span>
     <span class='ocr_line' id='line_1_9' title="bbox 313 883 1724 934; baseline -0.001 -13"><span class='ocrx_word' id='word_1_60' title='bbox 313 885 426 932; x_wconf 85' lang='lat' dir='ltr'>quod</span> <span class='ocrx_word' id='word_1_61' title='bbox 457 884 633 920; x_wconf 56' lang='lat' dir='ltr'>maxime</span> <span class='ocrx_word' id='word_1_62' title='bbox 663 883 865 932; x_wconf 79' lang='lat' dir='ltr'>epistulae</span> <span class='ocrx_word' id='word_1_63' title='bbox 897 883 1060 932; x_wconf 82' lang='lat' dir='ltr'>Epicuri</span> <span class='ocrx_word' id='word_1_64' title='bbox 1092 890 1404 934; x_wconf 85' lang='lat' dir='ltr'>ceterorumque</span> <span class='ocrx_word' id='word_1_65' title='bbox 1431 884 1597 922; x_wconf 87' lang='lat' dir='ltr'>scholae</span> <span class='ocrx_word' id='word_1_66' title='bbox 1629 895 1724 920; x_wconf 84' lang='lat' dir='ltr'>auc-</span> 
     </span>
     <span class='ocr_line' id='line_1_10' title="bbox 315 950 1724 1000; baseline 0.001 -14"><span class='ocrx_word' id='word_1_67' title='bbox 315 957 446 987; x_wconf 83' lang='lat' dir='ltr'>torum</span> <span class='ocrx_word' id='word_1_68' title='bbox 477 950 552 987; x_wconf 78' lang='lat' dir='ltr'>sibi</span> <span class='ocrx_word' id='word_1_69' title='bbox 582 962 753 999; x_wconf 84' lang='lat' dir='ltr'>poscere</span> <span class='ocrx_word' id='word_1_70' title='bbox 786 951 1045 1000; x_wconf 82' lang='lat' dir='ltr'>uidebantur,</span> <span class='ocrx_word' id='word_1_71' title='bbox 1077 963 1160 988; x_wconf 88' lang='lat' dir='ltr'>non</span> <span class='ocrx_word' id='word_1_72' title='bbox 1187 951 1325 989; x_wconf 84' lang='lat' dir='ltr'>hercle</span> <span class='ocrx_word' id='word_1_73' title='bbox 1345 951 1488 989; x_wconf 84' lang='lat' dir='ltr'>mirum</span> <span class='ocrx_word' id='word_1_74' title='bbox 1510 958 1586 988; x_wconf 86' lang='lat' dir='ltr'>est.</span> <span class='ocrx_word' id='word_1_75' title='bbox 1628 963 1724 1000; x_wconf 78' lang='lat' dir='ltr'>qua-</span> 
     </span>
     <span class='ocr_line' id='line_1_11' title="bbox 312 1018 1724 1067; baseline 0.001 -14"><span class='ocrx_word' id='word_1_76' title='bbox 312 1030 399 1054; x_wconf 87' lang='lat' dir='ltr'>rum</span> <span class='ocrx_word' id='word_1_77' title='bbox 431 1023 546 1055; x_wconf 86' lang='lat' dir='ltr'>tanta</span> <span class='ocrx_word' id='word_1_78' title='bbox 577 1024 665 1054; x_wconf 82' lang='lat' dir='ltr'>erat</span> <span class='ocrx_word' id='word_1_79' title='bbox 695 1018 814 1067; x_wconf 84' lang='lat' dir='ltr'>copia</span> <span class='ocrx_word' id='word_1_80' title='bbox 846 1018 896 1055; x_wconf 70' lang='lat' dir='ltr'>ab</span> <span class='ocrx_word' id='word_1_81' title='bbox 928 1018 1067 1056; x_wconf 80' lang='lat' dir='ltr'>amicis</span> <span class='ocrx_word' id='word_1_82' title='bbox 1097 1024 1140 1055; x_wconf 87' lang='lat' dir='ltr'>et</span> <span class='ocrx_word' id='word_1_83' title='bbox 1171 1019 1337 1056; x_wconf 84' lang='lat' dir='ltr'>asseclis</span> <span class='ocrx_word' id='word_1_84' title='bbox 1360 1018 1549 1055; x_wconf 82' lang='lat' dir='ltr'>conlecta</span> <span class='ocrx_word' id='word_1_85' title='bbox 1571 1023 1613 1055; x_wconf 87' lang='lat' dir='ltr'>et</span> <span class='ocrx_word' id='word_1_86' title='bbox 1639 1029 1724 1056; x_wconf 85' lang='lat' dir='ltr'>ser-</span> 
     </span>
     <span class='ocr_line' id='line_1_12' title="bbox 312 1085 1723 1134; baseline 0 -13"><span class='ocrx_word' id='word_1_87' title='bbox 312 1091 409 1127; x_wconf 82' lang='lat' dir='ltr'>uata</span> <span class='ocrx_word' id='word_1_88' title='bbox 440 1085 509 1122; x_wconf 86' lang='lat' dir='ltr'>illo</span> <span class='ocrx_word' id='word_1_89' title='bbox 541 1085 707 1134; x_wconf 82' lang='lat' dir='ltr'>pietatis</span> <span class='ocrx_word' id='word_1_90' title='bbox 730 1085 867 1122; x_wconf 78' lang='lat' dir='ltr'>studio</span> <span class='ocrx_word' id='word_1_91' title='bbox 890 1086 954 1123; x_wconf 86' lang='lat' dir='ltr'>cui</span> <span class='ocrx_word' id='word_1_92' title='bbox 981 1085 1045 1122; x_wconf 90' lang='lat' dir='ltr'>uel</span> <span class='ocrx_word' id='word_1_93' title='bbox 1075 1085 1334 1123; x_wconf 79' lang='lat' dir='ltr'>tenuissimas</span> <span class='ocrx_word' id='word_1_94' title='bbox 1360 1085 1551 1134; x_wconf 80' lang='lat' dir='ltr'>reliquias</span> <span class='ocrx_word' id='word_1_95' title='bbox 1585 1086 1723 1134; x_wconf 86' lang='lat' dir='ltr'>negle-</span> 
     </span>
     <span class='ocr_line' id='line_1_13' title="bbox 313 1150 1724 1202; baseline 0.002 -14"><span class='ocrx_word' id='word_1_96' title='bbox 313 1164 409 1201; x_wconf 85' lang='lat' dir='ltr'>gere</span> <span class='ocrx_word' id='word_1_97' title='bbox 431 1152 637 1201; x_wconf 83' lang='lat' dir='ltr'>piaculum</span> <span class='ocrx_word' id='word_1_98' title='bbox 658 1159 734 1199; x_wconf 76' lang='lat' dir='ltr'>est,</span> <span class='ocrx_word' id='word_1_99' title='bbox 768 1158 811 1189; x_wconf 87' lang='lat' dir='ltr'>ut</span> <span class='ocrx_word' id='word_1_100' title='bbox 842 1152 921 1190; x_wconf 86' lang='lat' dir='ltr'>hoc</span> <span class='ocrx_word' id='word_1_101' title='bbox 942 1153 1107 1202; x_wconf 85' lang='lat' dir='ltr'>quidem</span> <span class='ocrx_word' id='word_1_102' title='bbox 1129 1153 1245 1192; x_wconf 64' lang='lat' dir='ltr'>facile</span> <span class='ocrx_word' id='word_1_103' title='bbox 1264 1152 1447 1191; x_wconf 87' lang='lat' dir='ltr'>Luciano</span> <span class='ocrx_word' id='word_1_104' title='bbox 1468 1150 1524 1202; x_wconf 85' lang='lat' dir='ltr'>(p.</span> <span class='ocrx_word' id='word_1_105' title='bbox 1546 1155 1638 1201; x_wconf 84' lang='lat'>131,</span> <span class='ocrx_word' id='word_1_106' title='bbox 1655 1150 1724 1202; x_wconf 85' lang='lat'>21)</span> 
     </span>
     <span class='ocr_line' id='line_1_14' title="bbox 313 1220 1725 1275; baseline 0.002 -20"><span class='ocrx_word' id='word_1_107' title='bbox 313 1220 474 1262; x_wconf 79' lang='lat' dir='ltr'>credas,</span> <span class='ocrx_word' id='word_1_108' title='bbox 515 1231 688 1269; x_wconf 85' lang='lat' dir='ltr'>paruum</span> <span class='ocrx_word' id='word_1_109' title='bbox 730 1220 770 1258; x_wconf 81' lang='lat' dir='ltr'>in</span> <span class='ocrx_word' id='word_1_110' title='bbox 801 1220 865 1258; x_wconf 81' lang='lat' dir='ltr'>illa</span> <span class='ocrx_word' id='word_1_111' title='bbox 897 1220 1156 1258; x_wconf 85' lang='lat' dir='ltr'>multitudine</span> <span class='ocrx_word' id='word_1_112' title='bbox 1189 1220 1311 1275; x_wconf 85' lang='lat' dir='ltr'>fuisse</span> <span class='ocrx_word' id='word_1_113' title='bbox 1343 1232 1554 1258; x_wconf 85' lang='lat' dir='ltr'>numerum</span> <span class='ocrx_word' id='word_1_114' title='bbox 1585 1231 1725 1258; x_wconf 86' lang='lat' dir='ltr'>earum</span> 
     </span>
     <span class='ocr_line' id='line_1_15' title="bbox 313 1287 1726 1337; baseline 0.001 -14"><span class='ocrx_word' id='word_1_115' title='bbox 313 1287 579 1337; x_wconf 77' lang='lat' dir='ltr'>epistularum</span> <span class='ocrx_word' id='word_1_116' title='bbox 611 1299 715 1337; x_wconf 84' lang='lat' dir='ltr'>quae</span> <span class='ocrx_word' id='word_1_117' title='bbox 748 1289 979 1337; x_wconf 81' lang='lat' dir='ltr'>argumenti</span> <span class='ocrx_word' id='word_1_118' title='bbox 999 1288 1203 1337; x_wconf 82' lang='lat' dir='ltr'>grauitate</span> <span class='ocrx_word' id='word_1_119' title='bbox 1232 1293 1501 1337; x_wconf 81' lang='lat' dir='ltr'>praestarent.</span> <span class='ocrx_word' id='word_1_120' title='bbox 1540 1299 1726 1325; x_wconf 87' lang='lat' dir='ltr'>curarum</span> 
     </span>
     <span class='ocr_line' id='line_1_16' title="bbox 314 1354 1725 1407; baseline -0.002 -14"><span class='ocrx_word' id='word_1_121' title='bbox 314 1355 631 1393; x_wconf 79' lang='lat' dir='ltr'>domesticarum</span> <span class='ocrx_word' id='word_1_122' title='bbox 661 1361 704 1392; x_wconf 88' lang='lat' dir='ltr'>et</span> <span class='ocrx_word' id='word_1_123' title='bbox 735 1355 990 1393; x_wconf 80' lang='lat' dir='ltr'>familiarium</span> <span class='ocrx_word' id='word_1_124' title='bbox 1021 1356 1230 1407; x_wconf 76' lang='lat' dir='ltr'>memoria,</span> <span class='ocrx_word' id='word_1_125' title='bbox 1264 1356 1318 1392; x_wconf 89' lang='lat' dir='ltr'>de</span> <span class='ocrx_word' id='word_1_126' title='bbox 1352 1354 1497 1404; x_wconf 72' lang='lat' dir='ltr'>quibus</span> <span class='ocrx_word' id='word_1_127' title='bbox 1527 1354 1649 1391; x_wconf 89' lang='lat' dir='ltr'>rebus</span> <span class='ocrx_word' id='word_1_128' title='bbox 1681 1358 1725 1391; x_wconf 88' lang='lat' dir='ltr'>ut</span> 
     </span>
     <span class='ocr_line' id='line_1_17' title="bbox 314 1420 1725 1473; baseline -0.001 -14"><span class='ocrx_word' id='word_1_129' title='bbox 314 1423 370 1460; x_wconf 84' lang='lat' dir='ltr'>ad</span> <span class='ocrx_word' id='word_1_130' title='bbox 392 1423 546 1460; x_wconf 81' lang='lat' dir='ltr'>amicos</span> <span class='ocrx_word' id='word_1_131' title='bbox 569 1423 719 1460; x_wconf 87' lang='lat' dir='ltr'>multus</span> <span class='ocrx_word' id='word_1_132' title='bbox 742 1428 827 1460; x_wconf 78' lang='lat' dir='ltr'>erat</span> <span class='ocrx_word' id='word_1_133' title='bbox 843 1423 1057 1473; x_wconf 82' lang='lat' dir='ltr'>Epicurus,</span> <span class='ocrx_word' id='word_1_134' title='bbox 1089 1423 1164 1461; x_wconf 85' lang='lat' dir='ltr'>nisi</span> <span class='ocrx_word' id='word_1_135' title='bbox 1195 1423 1245 1460; x_wconf 86' lang='lat' dir='ltr'>ad</span> <span class='ocrx_word' id='word_1_136' title='bbox 1279 1423 1513 1460; x_wconf 87' lang='lat' dir='ltr'>interiorem</span> <span class='ocrx_word' id='word_1_137' title='bbox 1544 1420 1725 1458; x_wconf 88' lang='lat' dir='ltr'>scholam</span> 
     </span>
     <span class='ocr_line' id='line_1_18' title="bbox 313 1489 1725 1539; baseline -0.001 -12"><span class='ocrx_word' id='word_1_138' title='bbox 313 1502 397 1527; x_wconf 82' lang='lat' dir='ltr'>non</span> <span class='ocrx_word' id='word_1_139' title='bbox 419 1491 632 1529; x_wconf 71' lang='lat' dir='ltr'>attinebat.</span> <span class='ocrx_word' id='word_1_140' title='bbox 680 1491 757 1527; x_wconf 79' lang='lat' dir='ltr'>sed</span> <span class='ocrx_word' id='word_1_141' title='bbox 779 1490 903 1527; x_wconf 83' lang='lat' dir='ltr'>etiam</span> <span class='ocrx_word' id='word_1_142' title='bbox 934 1491 974 1527; x_wconf 89' lang='lat' dir='ltr'>in</span> <span class='ocrx_word' id='word_1_143' title='bbox 1006 1490 1084 1528; x_wconf 86' lang='lat' dir='ltr'>hoc</span> <span class='ocrx_word' id='word_1_144' title='bbox 1115 1490 1299 1528; x_wconf 81' lang='lat' dir='ltr'>familiari</span> <span class='ocrx_word' id='word_1_145' title='bbox 1320 1501 1471 1539; x_wconf 72' lang='lat' dir='ltr'>genere</span> <span class='ocrx_word' id='word_1_146' title='bbox 1502 1489 1725 1527; x_wconf 84' lang='lat' dir='ltr'>litterarum</span> 
     </span>
     <span class='ocr_line' id='line_1_19' title="bbox 311 1557 1724 1610; baseline 0 -16"><span class='ocrx_word' id='word_1_147' title='bbox 311 1557 424 1594; x_wconf 85' lang='lat' dir='ltr'>haud</span> <span class='ocrx_word' id='word_1_148' title='bbox 455 1570 544 1596; x_wconf 85' lang='lat' dir='ltr'>raro</span> <span class='ocrx_word' id='word_1_149' title='bbox 576 1558 694 1610; x_wconf 83' lang='lat' dir='ltr'>quasi</span> <span class='ocrx_word' id='word_1_150' title='bbox 724 1570 912 1607; x_wconf 80' lang='lat' dir='ltr'>gemmae</span> <span class='ocrx_word' id='word_1_151' title='bbox 940 1559 1152 1596; x_wconf 84' lang='lat' dir='ltr'>enitebant</span> <span class='ocrx_word' id='word_1_152' title='bbox 1175 1559 1408 1596; x_wconf 84' lang='lat' dir='ltr'>sententiae</span> <span class='ocrx_word' id='word_1_153' title='bbox 1439 1564 1482 1595; x_wconf 89' lang='lat' dir='ltr'>et</span> <span class='ocrx_word' id='word_1_154' title='bbox 1512 1558 1567 1596; x_wconf 87' lang='lat' dir='ltr'>ad</span> <span class='ocrx_word' id='word_1_155' title='bbox 1598 1558 1724 1595; x_wconf 85' lang='lat' dir='ltr'>uitam</span> 
     </span>
     <span class='ocr_line' id='line_1_20' title="bbox 311 1625 1726 1675; baseline 0 -13"><span class='ocrx_word' id='word_1_156' title='bbox 311 1625 459 1662; x_wconf 79' lang='lat' dir='ltr'>utiliter</span> <span class='ocrx_word' id='word_1_157' title='bbox 489 1632 530 1662; x_wconf 85' lang='lat' dir='ltr'>et</span> <span class='ocrx_word' id='word_1_158' title='bbox 560 1631 682 1664; x_wconf 85' lang='lat' dir='ltr'>acute</span> <span class='ocrx_word' id='word_1_159' title='bbox 708 1632 778 1663; x_wconf 80' lang='lat' dir='ltr'>aut</span> <span class='ocrx_word' id='word_1_160' title='bbox 816 1627 1027 1675; x_wconf 76' lang='lat' dir='ltr'>eleganter</span> <span class='ocrx_word' id='word_1_161' title='bbox 1064 1627 1214 1665; x_wconf 80' lang='lat' dir='ltr'>dictae.</span> <span class='ocrx_word' id='word_1_162' title='bbox 1259 1626 1355 1664; x_wconf 85' lang='lat' dir='ltr'>talia</span> <span class='ocrx_word' id='word_1_163' title='bbox 1384 1626 1505 1675; x_wconf 85' lang='lat' dir='ltr'>igitur</span> <span class='ocrx_word' id='word_1_164' title='bbox 1535 1625 1726 1675; x_wconf 84' lang='lat' dir='ltr'>eligenda</span> 
     </span>
     <span class='ocr_line' id='line_1_21' title="bbox 312 1693 1726 1743; baseline 0.001 -15"><span class='ocrx_word' id='word_1_165' title='bbox 312 1698 440 1739; x_wconf 86' lang='lat' dir='ltr'>erant,</span> <span class='ocrx_word' id='word_1_166' title='bbox 472 1697 514 1729; x_wconf 89' lang='lat' dir='ltr'>et</span> <span class='ocrx_word' id='word_1_167' title='bbox 545 1693 677 1730; x_wconf 87' lang='lat' dir='ltr'>electa</span> <span class='ocrx_word' id='word_1_168' title='bbox 702 1700 796 1730; x_wconf 82' lang='lat' dir='ltr'>sunt</span> <span class='ocrx_word' id='word_1_169' title='bbox 827 1701 925 1731; x_wconf 86' lang='lat' dir='ltr'>ante</span> <span class='ocrx_word' id='word_1_170' title='bbox 953 1699 1140 1743; x_wconf 82' lang='lat' dir='ltr'>tempora</span> <span class='ocrx_word' id='word_1_171' title='bbox 1158 1693 1399 1731; x_wconf 83' lang='lat' dir='ltr'>Philodemi.</span> <span class='ocrx_word' id='word_1_172' title='bbox 1436 1698 1599 1731; x_wconf 81' lang='lat' dir='ltr'>constat</span> <span class='ocrx_word' id='word_1_173' title='bbox 1618 1693 1726 1730; x_wconf 88' lang='lat' dir='ltr'>enim</span> 
     </span>
     <span class='ocr_line' id='line_1_22' title="bbox 311 1758 1727 1812; baseline -0.001 -14"><span class='ocrx_word' id='word_1_174' title='bbox 311 1758 365 1809; x_wconf 89' lang='lat' dir='ltr'>(u.</span> <span class='ocrx_word' id='word_1_175' title='bbox 387 1772 426 1809; x_wconf 76' lang='lat' dir='ltr'>p,</span> <span class='ocrx_word' id='word_1_176' title='bbox 457 1761 549 1810; x_wconf 81' lang='lat'><strong>132,</strong></span> <span class='ocrx_word' id='word_1_177' title='bbox 570 1758 612 1810; x_wconf 84' lang='lat'>3)</span> <span class='ocrx_word' id='word_1_178' title='bbox 643 1761 723 1797; x_wconf 85' lang='lat' dir='ltr'>iam</span> <span class='ocrx_word' id='word_1_179' title='bbox 754 1766 854 1798; x_wconf 83' lang='lat' dir='ltr'>tunc</span> <span class='ocrx_word' id='word_1_180' title='bbox 892 1762 1073 1799; x_wconf 73' lang='lat' dir='ltr'>extitisse</span> <span class='ocrx_word' id='word_1_181' title='bbox 1104 1761 1367 1812; x_wconf 83' lang='lat' dir='ltr'>epistularum</span> <span class='ocrx_word' id='word_1_182' title='bbox 1395 1760 1595 1810; x_wconf 86' lang='lat' dir='ltr'>Epicuri</span> <span class='ocrx_word' id='word_1_183' title='bbox 1627 1759 1727 1798; x_wconf 90' lang='lat' dir='ltr'>Me-</span> 
     </span>
     <span class='ocr_line' id='line_1_23' title="bbox 311 1826 1727 1879; baseline 0.001 -16"><span class='ocrx_word' id='word_1_184' title='bbox 311 1827 522 1864; x_wconf 84' lang='lat' dir='ltr'>trodori</span> <span class='ocrx_word' id='word_1_185' title='bbox 565 1827 803 1878; x_wconf 82' lang='lat' dir='ltr'>Polyaeni</span> <span class='ocrx_word' id='word_1_186' title='bbox 835 1829 1135 1866; x_wconf 83' lang='lat' dir='ltr'>Hermarchi</span> <span class='ocrx_word' id='word_1_187' title='bbox 1172 1829 1386 1879; x_wconf 80' lang='lat' dir='ltr'>epitomas.</span> <span class='ocrx_word' id='word_1_188' title='bbox 1435 1826 1497 1864; x_wconf 83' lang='lat' dir='ltr'>his</span> <span class='ocrx_word' id='word_1_189' title='bbox 1534 1833 1727 1877; x_wconf 83' lang='lat' dir='ltr'>quattuor</span> 
     </span>
     <span class='ocr_line' id='line_1_24' title="bbox 311 1893 1727 1945; baseline 0.002 -14"><span class='ocrx_word' id='word_1_190' title='bbox 311 1894 556 1941; x_wconf 81' lang='lat' dir='ltr'>auctoribus,</span> <span class='ocrx_word' id='word_1_191' title='bbox 598 1895 639 1933; x_wconf 86' lang='lat' dir='ltr'>in</span> <span class='ocrx_word' id='word_1_192' title='bbox 682 1908 785 1945; x_wconf 84' lang='lat' dir='ltr'>quos</span> <span class='ocrx_word' id='word_1_193' title='bbox 833 1896 945 1934; x_wconf 85' lang='lat' dir='ltr'>cadit</span> <span class='ocrx_word' id='word_1_194' title='bbox 993 1908 1147 1934; x_wconf 81' lang='lat' dir='ltr'>nomen</span> <span class='ocrx_word' id='word_1_195' title='bbox 1186 1893 1479 1945; x_wconf 78' lang='grc' dir='ltr'>καθηγεμόνες</span> <span class='ocrx_word' id='word_1_196' title='bbox 1515 1895 1727 1945; x_wconf 88' lang='lat' dir='ltr'>honorque</span> 
     </span>
     <span class='ocr_line' id='line_1_25' title="bbox 311 1961 1728 2014; baseline 0 -14"><span class='ocrx_word' id='word_1_197' title='bbox 311 1962 585 2013; x_wconf 80' lang='lat' dir='ltr'>conditorum,</span> <span class='ocrx_word' id='word_1_198' title='bbox 617 1963 730 2014; x_wconf 84' lang='lat' dir='ltr'>quod</span> <span class='ocrx_word' id='word_1_199' title='bbox 755 1963 993 2012; x_wconf 84' lang='lat' dir='ltr'>adiungitur</span> <span class='ocrx_word' id='word_1_200' title='bbox 1025 1961 1198 2003; x_wconf 79' lang='grc' dir='ltr'>καὶτῶν</span> <span class='ocrx_word' id='word_1_201' title='bbox 1225 1961 1461 2012; x_wconf 75' lang='grc' dir='ltr'>γνωρίμων,</span> <span class='ocrx_word' id='word_1_202' title='bbox 1495 1963 1728 2001; x_wconf 86' lang='lat' dir='ltr'>cauendum</span> 
     </span>
     <span class='ocr_line' id='line_1_26' title="bbox 312 2029 1727 2080; baseline 0.002 -15"><span class='ocrx_word' id='word_1_203' title='bbox 312 2034 375 2066; x_wconf 81' lang='lat' dir='ltr'>est</span> <span class='ocrx_word' id='word_1_204' title='bbox 404 2041 457 2066; x_wconf 82' lang='lat' dir='ltr'>ne</span> <span class='ocrx_word' id='word_1_205' title='bbox 489 2029 681 2080; x_wconf 85' lang='lat' dir='ltr'>decipiat.</span> <span class='ocrx_word' id='word_1_206' title='bbox 728 2030 916 2068; x_wconf 84' lang='lat' dir='ltr'>nimirum</span> <span class='ocrx_word' id='word_1_207' title='bbox 943 2030 1115 2079; x_wconf 84' lang='lat' dir='ltr'>perinde</span> <span class='ocrx_word' id='word_1_208' title='bbox 1145 2036 1270 2080; x_wconf 84' lang='lat' dir='ltr'>atque</span> <span class='ocrx_word' id='word_1_209' title='bbox 1301 2030 1455 2069; x_wconf 84' lang='lat' dir='ltr'>sactum</span> <span class='ocrx_word' id='word_1_210' title='bbox 1485 2030 1526 2068; x_wconf 85' lang='lat' dir='ltr'>in</span> <span class='ocrx_word' id='word_1_211' title='bbox 1548 2030 1601 2070; x_wconf 80' lang='lat' dir='ltr'>M.</span> <span class='ocrx_word' id='word_1_212' title='bbox 1619 2029 1727 2068; x_wconf 87' lang='lat' dir='ltr'>Tulli</span> 
     </span>
     <span class='ocr_line' id='line_1_27' title="bbox 312 2095 1726 2149; baseline 0.003 -16"><span class='ocrx_word' id='word_1_213' title='bbox 312 2096 367 2133; x_wconf 85' lang='lat' dir='ltr'>ad</span> <span class='ocrx_word' id='word_1_214' title='bbox 398 2095 614 2135; x_wconf 77' lang='lat' dir='ltr'>familiares</span> <span class='ocrx_word' id='word_1_215' title='bbox 647 2097 830 2147; x_wconf 70' lang='lat' dir='ltr'>epistulis</span> <span class='ocrx_word' id='word_1_216' title='bbox 861 2098 1062 2146; x_wconf 81' lang='lat' dir='ltr'>uidemus,</span> <span class='ocrx_word' id='word_1_217' title='bbox 1092 2098 1218 2135; x_wconf 58' lang='lat' dir='ltr'>etim:</span> <span class='ocrx_word' id='word_1_218' title='bbox 1245 2098 1306 2136; x_wconf 85' lang='lat' dir='ltr'>his</span> <span class='ocrx_word' id='word_1_219' title='bbox 1324 2098 1534 2148; x_wconf 86' lang='lat' dir='ltr'>Epicureis</span> <span class='ocrx_word' id='word_1_220' title='bbox 1564 2097 1726 2149; x_wconf 87' lang='lat' dir='ltr'>syllogis</span> 
     </span>
     <span class='ocr_line' id='line_1_28' title="bbox 311 2162 1724 2216; baseline 0.003 -16"><span class='ocrx_word' id='word_1_221' title='bbox 311 2162 494 2200; x_wconf 85' lang='lat' dir='ltr'>admixta</span> <span class='ocrx_word' id='word_1_222' title='bbox 524 2174 608 2200; x_wconf 89' lang='lat' dir='ltr'>non</span> <span class='ocrx_word' id='word_1_223' title='bbox 638 2175 728 2201; x_wconf 89' lang='lat' dir='ltr'>raro</span> <span class='ocrx_word' id='word_1_224' title='bbox 759 2170 887 2213; x_wconf 81' lang='lat' dir='ltr'>erant,</span> <span class='ocrx_word' id='word_1_225' title='bbox 917 2176 1025 2214; x_wconf 88' lang='lat' dir='ltr'>quae</span> <span class='ocrx_word' id='word_1_226' title='bbox 1052 2165 1119 2216; x_wconf 85' lang='lat' dir='ltr'>illi,</span> <span class='ocrx_word' id='word_1_227' title='bbox 1151 2165 1206 2202; x_wconf 88' lang='lat' dir='ltr'>ad</span> <span class='ocrx_word' id='word_1_228' title='bbox 1229 2177 1333 2216; x_wconf 85' lang='lat' dir='ltr'>quos</span> <span class='ocrx_word' id='word_1_229' title='bbox 1350 2165 1550 2215; x_wconf 86' lang='lat' dir='ltr'>Epicurus</span> <span class='ocrx_word' id='word_1_230' title='bbox 1571 2165 1724 2204; x_wconf 82' lang='lat' dir='ltr'>Metro-</span> 
     </span>
     <span class='ocr_line' id='line_1_29' title="bbox 312 2230 1724 2285; baseline 0.004 -18"><span class='ocrx_word' id='word_1_231' title='bbox 312 2230 436 2267; x_wconf 81' lang='lat' dir='ltr'>dorus</span> <span class='ocrx_word' id='word_1_232' title='bbox 470 2230 612 2281; x_wconf 87' lang='lat' dir='ltr'>reliqui</span> <span class='ocrx_word' id='word_1_233' title='bbox 645 2231 797 2270; x_wconf 81' lang='lat' dir='ltr'>litteras</span> <span class='ocrx_word' id='word_1_234' title='bbox 832 2232 999 2282; x_wconf 82' lang='lat' dir='ltr'>dedere,</span> <span class='ocrx_word' id='word_1_235' title='bbox 1041 2232 1127 2271; x_wconf 89' lang='lat' dir='ltr'>siue</span> <span class='ocrx_word' id='word_1_236' title='bbox 1164 2233 1411 2283; x_wconf 84' lang='lat' dir='ltr'>scripserant</span> <span class='ocrx_word' id='word_1_237' title='bbox 1441 2234 1527 2272; x_wconf 88' lang='lat' dir='ltr'>siue</span> <span class='ocrx_word' id='word_1_238' title='bbox 1557 2246 1724 2285; x_wconf 53' lang='lat' dir='ltr'>responm</span> 
     </span>
     <span class='ocr_line' id='line_1_30' title="bbox 312 2298 1725 2353; baseline 0.003 -19"><span class='ocrx_word' id='word_1_239' title='bbox 312 2298 473 2336; x_wconf 84' lang='lat' dir='ltr'>derunt.</span> <span class='ocrx_word' id='word_1_240' title='bbox 517 2307 690 2348; x_wconf 87' lang='lat' dir='ltr'>apparet</span> <span class='ocrx_word' id='word_1_241' title='bbox 721 2300 802 2338; x_wconf 87' lang='lat' dir='ltr'>hoc</span> <span class='ocrx_word' id='word_1_242' title='bbox 833 2313 883 2338; x_wconf 82' lang='lat' dir='ltr'>ex</span> <span class='ocrx_word' id='word_1_243' title='bbox 909 2300 968 2339; x_wconf 84' lang='lat' dir='ltr'>eis</span> <span class='ocrx_word' id='word_1_244' title='bbox 1003 2312 1109 2350; x_wconf 85' lang='lat' dir='ltr'>quae</span> <span class='ocrx_word' id='word_1_245' title='bbox 1130 2313 1168 2350; x_wconf 90' lang='lat' dir='ltr'>p.</span> <span class='ocrx_word' id='word_1_246' title='bbox 1196 2302 1288 2353; x_wconf 79' lang='lat'><strong>134,</strong></span> <span class='ocrx_word' id='word_1_247' title='bbox 1310 2303 1363 2339; x_wconf 77' lang='lat'>20</span> <span class='ocrx_word' id='word_1_248' title='bbox 1385 2308 1428 2339; x_wconf 87' lang='lat' dir='ltr'>et</span> <span class='ocrx_word' id='word_1_249' title='bbox 1458 2302 1623 2350; x_wconf 84' lang='lat'>147,10</span> <span class='ocrx_word' id='word_1_250' title='bbox 1652 2301 1725 2339; x_wconf 87' lang='lat' dir='ltr'>ob·</span> 
     </span>
     <span class='ocr_line' id='line_1_31' title="bbox 312 2367 1726 2418; baseline 0.004 -16"><span class='ocrx_word' id='word_1_251' title='bbox 312 2370 474 2403; x_wconf 83' lang='lat' dir='ltr'>seruata</span> <span class='ocrx_word' id='word_1_252' title='bbox 508 2373 612 2413; x_wconf 77' lang='lat' dir='ltr'>sunt,</span> <span class='ocrx_word' id='word_1_253' title='bbox 661 2373 706 2404; x_wconf 89' lang='lat' dir='ltr'>ut</span> <span class='ocrx_word' id='word_1_254' title='bbox 735 2367 814 2406; x_wconf 87' lang='lat' dir='ltr'>alia</span> <span class='ocrx_word' id='word_1_255' title='bbox 856 2367 1009 2405; x_wconf 86' lang='lat' dir='ltr'>indicia</span> <span class='ocrx_word' id='word_1_256' title='bbox 1039 2368 1152 2405; x_wconf 91' lang='lat' dir='ltr'>uelut</span> <span class='ocrx_word' id='word_1_257' title='bbox 1192 2367 1237 2407; x_wconf 84' lang='lat' dir='ltr'>fr.</span> <span class='ocrx_word' id='word_1_258' title='bbox 1273 2370 1354 2408; x_wconf 83' lang='lat'>170</span> <span class='ocrx_word' id='word_1_259' title='bbox 1382 2369 1554 2408; x_wconf 86' lang='lat' dir='ltr'>mittam.</span> <span class='ocrx_word' id='word_1_260' title='bbox 1605 2369 1726 2418; x_wconf 84' lang='lat' dir='ltr'>igitur</span> 
     </span>
     <span class='ocr_line' id='line_1_32' title="bbox 311 2432 1725 2486; baseline 0.002 -16"><span class='ocrx_word' id='word_1_261' title='bbox 311 2432 390 2470; x_wconf 89' lang='lat' dir='ltr'>huc</span> <span class='ocrx_word' id='word_1_262' title='bbox 419 2439 579 2483; x_wconf 85' lang='lat' dir='ltr'>spectat</span> <span class='ocrx_word' id='word_1_263' title='bbox 610 2434 941 2473; x_wconf 82' lang='lat' dir='ltr'>additamentum</span> <span class='ocrx_word' id='word_1_264' title='bbox 971 2435 1070 2473; x_wconf 85' lang='lat' dir='ltr'>illud</span> <span class='ocrx_word' id='word_1_265' title='bbox 1104 2433 1173 2474; x_wconf 85' lang='grc' dir='ltr'>καὶ</span> <span class='ocrx_word' id='word_1_266' title='bbox 1213 2435 1298 2475; x_wconf 84' lang='grc' dir='ltr'>τῶν</span> <span class='ocrx_word' id='word_1_267' title='bbox 1329 2434 1565 2486; x_wconf 82' lang='grc' dir='ltr'>γνωρίμων.</span> <span class='ocrx_word' id='word_1_268' title='bbox 1615 2444 1725 2475; x_wconf 84' lang='lat' dir='ltr'>cete-</span> 
     </span>
     <span class='ocr_line' id='line_1_33' title="bbox 310 2499 1725 2552; baseline 0.004 -16"><span class='ocrx_word' id='word_1_269' title='bbox 310 2511 446 2537; x_wconf 85' lang='lat' dir='ltr'>rorum</span> <span class='ocrx_word' id='word_1_270' title='bbox 478 2499 640 2549; x_wconf 82' lang='lat' dir='ltr'>Epicuri</span> <span class='ocrx_word' id='word_1_271' title='bbox 673 2501 928 2539; x_wconf 83' lang='lat' dir='ltr'>familiarium</span> <span class='ocrx_word' id='word_1_272' title='bbox 958 2502 1161 2552; x_wconf 87' lang='lat' dir='ltr'>epistulae</span> <span class='ocrx_word' id='word_1_273' title='bbox 1183 2508 1340 2540; x_wconf 82' lang='lat' dir='ltr'>tantum</span> <span class='ocrx_word' id='word_1_274' title='bbox 1370 2503 1489 2540; x_wconf 85' lang='lat' dir='ltr'>abest</span> <span class='ocrx_word' id='word_1_275' title='bbox 1511 2510 1555 2540; x_wconf 86' lang='lat' dir='ltr'>ut</span> <span class='ocrx_word' id='word_1_276' title='bbox 1575 2505 1725 2542; x_wconf 82' lang='lat' dir='ltr'>eodem</span> 
     </span>
     <span class='ocr_line' id='line_1_34' title="bbox 312 2566 1725 2622; baseline 0.004 -18"><span class='ocrx_word' id='word_1_277' title='bbox 312 2566 448 2604; x_wconf 89' lang='lat' dir='ltr'>studio</span> <span class='ocrx_word' id='word_1_278' title='bbox 486 2579 566 2617; x_wconf 88' lang='lat' dir='ltr'>quo</span> <span class='ocrx_word' id='word_1_279' title='bbox 599 2575 794 2617; x_wconf 70' lang='lat' dir='ltr'>quattuor</span> <span class='ocrx_word' id='word_1_280' title='bbox 822 2569 952 2607; x_wconf 86' lang='lat' dir='ltr'>uirum</span> <span class='ocrx_word' id='word_1_281' title='bbox 992 2569 1151 2607; x_wconf 87' lang='lat' dir='ltr'>illorum</span> <span class='ocrx_word' id='word_1_282' title='bbox 1190 2571 1395 2608; x_wconf 86' lang='lat' dir='ltr'>lectitatae</span> <span class='ocrx_word' id='word_1_283' title='bbox 1435 2577 1478 2607; x_wconf 88' lang='lat' dir='ltr'>et</span> <span class='ocrx_word' id='word_1_284' title='bbox 1509 2577 1725 2622; x_wconf 85' lang='lat' dir='ltr'>excerptae</span> 
     </span>
     <span class='ocr_line' id='line_1_35' title="bbox 311 2635 1726 2687; baseline 0.004 -16"><span class='ocrx_word' id='word_1_285' title='bbox 311 2647 402 2672; x_wconf 88' lang='lat' dir='ltr'>esse</span> <span class='ocrx_word' id='word_1_286' title='bbox 435 2635 664 2682; x_wconf 83' lang='lat' dir='ltr'>uideantur,</span> <span class='ocrx_word' id='word_1_287' title='bbox 696 2642 740 2674; x_wconf 89' lang='lat' dir='ltr'>ut</span> <span class='ocrx_word' id='word_1_288' title='bbox 769 2636 1024 2675; x_wconf 89' lang='lat' dir='ltr'>collectaene</span> <span class='ocrx_word' id='word_1_289' title='bbox 1055 2636 1208 2675; x_wconf 87' lang='lat' dir='ltr'>fuerint</span> <span class='ocrx_word' id='word_1_290' title='bbox 1235 2637 1458 2687; x_wconf 85' lang='lat' dir='ltr'>editaeque</span> <span class='ocrx_word' id='word_1_291' title='bbox 1488 2638 1574 2676; x_wconf 90' lang='lat' dir='ltr'>iure</span> <span class='ocrx_word' id='word_1_292' title='bbox 1605 2639 1726 2677; x_wconf 88' lang='lat' dir='ltr'>dubi·</span> 
     </span>
    </p>
   </div>
   <div class='ocr_carea' id='block_1_3' title="bbox 320 2724 586 2730">
    <p class='ocr_par' dir='ltr' id='par_1_5' title="bbox 320 2724 586 2730">
     <span class='ocr_line' id='line_1_36' title="bbox 320 2724 586 2730; baseline 0 0"><span class='ocrx_word' id='word_1_293' title='bbox 320 2724 586 2730; x_wconf 95' lang='lat' dir='ltr'> </span> 
     </span>
    </p>
   </div>
   <div class='ocr_carea' id='block_1_4' title="bbox 309 2780 1726 2886">
    <p class='ocr_par' dir='ltr' id='par_1_6' title="bbox 309 2780 1726 2886">
     <span class='ocr_line' id='line_1_37' title="bbox 432 2780 1726 2825; baseline 0.002 -12"><span class='ocrx_word' id='word_1_294' title='bbox 432 2780 450 2814; x_wconf 91' lang='lat'>1</span> <span class='ocrx_word' id='word_1_295' title='bbox 478 2782 513 2813; x_wconf 89' lang='lat' dir='ltr'>in</span> <span class='ocrx_word' id='word_1_296' title='bbox 533 2787 790 2825; x_wconf 76' lang='lat' dir='ltr'>programmate</span> <span class='ocrx_word' id='word_1_297' title='bbox 806 2782 978 2823; x_wconf 83' lang='lat' dir='ltr'>gymnasii</span> <span class='ocrx_word' id='word_1_298' title='bbox 996 2781 1226 2815; x_wconf 87' lang='lat' dir='ltr'>Ohlauiensis</span> <span class='ocrx_word' id='word_1_299' title='bbox 1253 2793 1283 2816; x_wconf 86' lang='lat' dir='ltr'>a.</span> <span class='ocrx_word' id='word_1_300' title='bbox 1304 2781 1394 2817; x_wconf 88' lang='grc'>1881</span> <span class='ocrx_word' id='word_1_301' title='bbox 1422 2784 1501 2815; x_wconf 84' lang='lat' dir='ltr'>Zur</span> <span class='ocrx_word' id='word_1_302' title='bbox 1513 2785 1726 2825; x_wconf 73' lang='lat' dir='ltr'>geschichte</span> 
     </span>
     <span class='ocr_line' id='line_1_38' title="bbox 309 2840 1579 2886; baseline 0.004 -15"><span class='ocrx_word' id='word_1_303' title='bbox 309 2840 373 2871; x_wconf 81' lang='lat' dir='ltr'>der</span> <span class='ocrx_word' id='word_1_304' title='bbox 401 2840 683 2884; x_wconf 54' lang='lat' dir='ltr'>aherln&#39;qferung</span> <span class='ocrx_word' id='word_1_305' title='bbox 708 2851 776 2872; x_wconf 86' lang='lat' dir='ltr'>von</span> <span class='ocrx_word' id='word_1_306' title='bbox 801 2841 1001 2873; x_wconf 71' lang='lat' dir='ltr'>Plutarchs</span> <span class='ocrx_word' id='word_1_307' title='bbox 1025 2840 1191 2873; x_wconf 81' lang='lat' dir='ltr'>Moralia</span> <span class='ocrx_word' id='word_1_308' title='bbox 1217 2840 1292 2874; x_wconf 82' lang='lat' dir='ltr'>fasc</span> <span class='ocrx_word' id='word_1_309' title='bbox 1330 2851 1360 2875; x_wconf 91' lang='lat'>11</span> <span class='ocrx_word' id='word_1_310' title='bbox 1385 2853 1418 2885; x_wconf 85' lang='lat' dir='ltr'>p.</span> <span class='ocrx_word' id='word_1_311' title='bbox 1438 2841 1484 2876; x_wconf 77' lang='lat'>23</span> <span class='ocrx_word' id='word_1_312' title='bbox 1504 2853 1579 2886; x_wconf 83' lang='lat' dir='ltr'>sqq.</span> 
     </span>
    </p>
   </div>
  </div>
 </body>
</html>
