1846 3288
321 217 388 251 DE
413 215 619 250 EPICVRI
647 216 972 249 INRISORIBVS
997 216 1061 249 ET
1087 214 1332 248 HOSTIBVS
1397 214 1527 247 LXXI

121 334 277 373 ethices
296 333 522 384 Epicureae
541 333 679 371 omnia
700 334 850 371 eadem
872 345 997 383 opera
1014 339 1055 370 et
1071 332 1304 383 percensuit
1323 338 1363 370 et
1383 332 1529 371 acerbe

119 402 258 441 inrisit.
317 413 403 439 non
442 401 574 439 solum
612 400 803 449 egregius
835 402 1006 450 scriptor
1036 407 1078 438 et
1110 401 1178 449 qui
1210 399 1374 450 Epicuri
1408 400 1530 437 libros

120 468 307 518 diligenti
350 467 528 506 lectione
568 474 797 517 pernosset‚
843 468 918 505 sed
958 467 1079 505 etiam
1116 468 1309 516 antiquus
1348 467 1413 504 ille
1444 466 1531 505 suit.

119 536 230 573 irrita
259 535 367 574 euim
397 534 478 573 tela
506 533 682 579 iecisset,
715 534 790 571 nisi
819 545 962 572 omnes
994 533 1114 573 facile
1145 534 1346 580 uiderent,
1377 545 1426 572 ex
1450 544 1530 583 quo

121 608 282 652 sumpta
324 608 465 640 essent
504 602 840 646 armamentario;
881 602 921 639 in
961 602 1052 652 ipso
1083 601 1204 651 igitur
1232 612 1399 651 pugnae
1427 600 1532 639 inter

121 675 256 708 sectas
284 675 450 707 exortae
481 668 629 706 ardore
651 668 830 706 conicias
862 669 970 706 illam
990 674 1168 707 saturam
1198 668 1391 718 scriptam
1421 678 1529 707 esse.

120 747 201 786 qua
231 748 274 774 re
301 747 352 773 ex
384 735 523 784 Gryno
555 734 770 779 Plutarchi,
812 735 927 773 cuius
957 747 1075 773 usum
1105 736 1159 773 ad
1191 734 1233 773 fr.
1265 736 1346 774 456
1377 740 1419 772 et
1448 735 1529 774 517

119 804 312 853 indicaui,
343 804 442 841 satis
473 803 650 841 fidenter
680 804 803 841 etiam
835 803 952 852 plura
983 803 1118 841 licebit
1149 802 1307 846 tollere,
1337 813 1444 852 quae
1475 802 1530 840 ad

120 871 280 910 ethicen
311 871 477 922 Epicuri
507 870 618 910 utilia
651 871 740 910 sint.

235 995 300 1033 Ab
335 994 580 1032 aduersariis
612 993 791 1030 omnium
823 993 1153 1043 dogmaticorum
1183 993 1237 1031 ad
1268 992 1429 1042 Epicuri
1457 992 1530 1030 ho·

120 1069 204 1100 stes
234 1069 413 1101 transeo.
473 1063 719 1113 paucissima
750 1063 805 1100 de
836 1060 897 1097 his
930 1060 1219 1100 certaminibus
1248 1061 1302 1098 ad
1335 1072 1409 1098 nos
1440 1072 1530 1110 per-

119 1130 203 1169 lata
234 1136 347 1177 sunt;
377 1129 678 1179 Megaricorum
700 1136 770 1167 aut
792 1130 1099 1167 dialecticorum
1122 1140 1284 1178 pugnas
1312 1128 1377 1164 uix
1404 1127 1529 1165 fando

120 1198 365 1242 audiuimus,
397 1198 584 1236 Antidori
624 1199 675 1235 ab
707 1197 883 1247 Epicuro
922 1196 1135 1246 inpugnati
1171 1207 1224 1232 ne
1257 1201 1409 1233 sectam
1442 1195 1529 1245 qui-

120 1266 214 1304 dem
238 1266 438 1304 nouimus.
461 1266 515 1303 de
536 1265 598 1302 his
619 1266 740 1315 igitur
760 1271 898 1303 tacere
919 1270 1116 1314 praestat,
1140 1264 1276 1301 donec
1297 1262 1451 1312 aliquid
1473 1263 1527 1299 lu-

120 1333 179 1371 cis
199 1333 408 1371 uolumina
423 1333 747 1371 Herculanensia
770 1332 1024 1370 adfulserint.
1055 1343 1106 1370 ex
1129 1331 1187 1368 eis
1220 1330 1288 1379 qui
1318 1331 1526 1374 durarunt,

119 1400 341 1438 aduersarii
382 1401 592 1451 Epicureis
637 1400 810 1439 fortasse
846 1400 1042 1437 mitissimi
1078 1399 1401 1449 Peripatetici
1442 1398 1528 1436 fue·

119 1474 226 1513 runt,
246 1469 320 1505 sed
334 1469 470 1506 eidem
489 1469 702 1506 doctrinae
720 1468 947 1517 Epicureae
966 1467 1146 1504 omnium
1163 1467 1371 1504 minimam
1388 1479 1526 1504 curam

119 1537 361 1582 habuerunt,
381 1542 424 1573 ut
446 1535 614 1573 indocte
637 1537 691 1573 de
715 1548 763 1573 ea
785 1547 861 1573 nec
885 1535 1104 1583 diligenter
1126 1535 1327 1578 referant;
1350 1534 1392 1570 id
1414 1535 1528 1583 quod

121 1605 185 1641 uel
216 1605 257 1641 in
289 1605 568 1642 Alexandrum
599 1604 964 1653 Aphrodisiensem
1003 1603 1126 1640 cadit.
1187 1603 1368 1639 omnium
1407 1602 1527 1651 longe

119 1671 367 1710 acerbissimi
406 1678 449 1708 et
482 1671 710 1720 grauissimi
748 1671 924 1710 Stoici.
986 1681 1160 1719 quorum
1193 1676 1329 1707 sectae
1371 1681 1463 1706 cum
1502 1680 1526 1705 a

117 1739 315 1789 principio
333 1739 498 1789 Epicuri
522 1739 779 1789 philosophia
804 1739 936 1776 omnis
964 1744 1222 1788 repugnaret,
1254 1738 1376 1774 etiam
1398 1738 1527 1785 magis

120 1807 322 1845 contraria
366 1807 475 1844 sacta
517 1813 592 1858 est,
635 1813 856 1856 postquam
897 1805 1095 1843 Persaeus
1132 1816 1253 1842 unam
1298 1804 1528 1842 Stoicorum

118 1874 348 1912 doctrinam
380 1875 584 1913 seruando
616 1886 742 1923 regno
774 1879 816 1910 et
845 1873 999 1911 ciuitati
1031 1874 1167 1910 utilem
1194 1884 1289 1910 esse
1318 1872 1526 1921 Antigono

119 1942 205 1991 regi
224 1941 429 1991 persuasit
450 1948 490 1979 et
511 1943 566 1979 ad
588 1942 702 1991 regni
723 1942 943 1979 commoda
974 1939 1272 1990 philosophiam
1303 1939 1526 1977 reuocauit.

119 2009 269 2058 prodiit
283 2007 503 2046 Cleanthes
523 2009 796 2056 aduersarius,
816 2014 861 2045 ut
878 2008 1135 2046 Aristarchus
1154 2007 1315 2045 Samius
1333 2012 1527 2056 expertus

119 2082 195 2120 est,
213 2086 307 2114 acer
320 2075 641 2126 uehemensque‚
659 2077 727 2126 qui
749 2088 831 2113 non
857 2076 986 2114 solum
1008 2082 1168 2114 atomos
1191 2076 1434 2124 inpugnaret
1452 2075 1527 2112 sed

118 2143 241 2182 etiam
272 2143 490 2193 imaginem
522 2145 704 2182 uiuidam
738 2144 978 2182 exornando
1012 2143 1218 2181 Virtutum
1249 2142 1527 2179 ancillantium

116 2211 431 2257 miserationem,
462 2212 603 2250 odium
640 2211 876 2262 Voluptatis
916 2211 1165 2249 dominantis
1197 2215 1477 2249 commoueret
1494 2206 1523 2247 ¹.

239 2300 256 2333 1
285 2300 426 2343 scripsit
450 2300 641 2333 Cleanthes
667 2302 751 2344 περὶ
778 2303 857 2335 τῶν
882 2300 1035 2342 ἀτόμων
1060 2301 1186 2340 (Laert.
1212 2299 1318 2339 Diog.
1346 2299 1418 2331 VII
1446 2296 1526 2338 134>

116 2363 150 2391 et
174 2358 268 2402 πρὸς
287 2357 530 2402 Δημόκριτον
558 2360 622 2402 (ib.
646 2359 739 2403 174),
765 2365 802 2392 ut
828 2359 1002 2402 Sphaerus
1028 2359 1112 2402 περὶ
1139 2357 1345 2400 ἐλαχίστων
1373 2363 1407 2390 et
1433 2357 1526 2401 πρὸς

117 2416 184 2458 τὰς
214 2417 379 2460 ἀτόμους
413 2418 472 2451 καὶ
507 2417 554 2452 τὰ
588 2418 726 2452 εἴδωλα
761 2418 891 2461 (Laert.
919 2427 974 2451 vu
1003 2417 1104 2460 178);
1143 2428 1249 2461 porro
1276 2417 1359 2460 περὶ
1387 2418 1527 2461 ἡδονῆς

116 2476 179 2520 (ib.
208 2475 287 2518 175)
327 2477 437 2509 libros
469 2477 603 2520 plureS,
643 2478 685 2511 cs.
718 2478 913 2519 fragmenta
945 2488 964 2510 a
997 2475 1271 2509 XVachsmuthio
1306 2475 1456 2509 collecta
1489 2477 1525 2509 in

116 2535 296 2579 prooemio
322 2536 396 2569 ind.
414 2535 496 2570 lect.
511 2537 669 2578 Gotting.
690 2542 776 2571 aest.
796 2535 889 2570 1374
905 2547 939 2579 p.
962 2536 1016 2570 18.
1056 2536 1100 2568 de
1125 2535 1259 2579 pictura
1286 2535 1524 2574 celeberrima,

117 2605 220 2638 quam
247 2595 362 2627 Cebes
390 2595 545 2629 imitatus
573 2602 636 2636 est,
664 2596 745 2629 uide
773 2597 985 2629 Ciceronem
1012 2596 1056 2628 de
1083 2595 1140 2629 fin.
1159 2605 1188 2628 11
1207 2593 1263 2632 21,
1289 2594 1335 2628 69
1362 2595 1406 2626 de
1433 2594 1524 2627 offic.

116 2663 162 2686 111
187 2653 245 2691 33,
274 2653 341 2687 117
388 2655 629 2695 Augustinum
656 2656 700 2688 de
732 2656 800 2689 eiu.
830 2655 888 2688 dei
915 2665 939 2688 v
967 2655 1022 2694 20,
1067 2654 1110 2688 cf.
1138 2654 1315 2687 Gassendi
1351 2653 1523 2686 animadu.

118 2723 152 2756 p.
172 2712 264 2746 1685
278 2723 355 2756 sqq.
383 2713 486 2746 aliam
515 2714 704 2756 imaginem
729 2715 886 2747 eiusdem
913 2715 1040 2759 opinor
1065 2713 1210 2755 originis
1236 2713 1361 2746 Cicero
1392 2712 1524 2745 indicat

118 2771 223 2805 Tusc.
243 2770 335 2815 disp.
354 2781 377 2805 v
392 2771 425 2812 ἴ),
446 2773 490 2806 13
505 2784 556 2817 sq.
584 2775 644 2818 (ef.
663 2775 706 2807 de
723 2774 783 2808 off.
801 2783 848 2807 111
866 2773 923 2812 33,
944 2773 1011 2807 116
1034 2772 1175 2806 ‘talium
1192 2773 1358 2804 uirtutum
1376 2770 1523 2812 choro‘).
