1842 3250
316 196 384 230 140
763 196 966 228 EPICVRI
1001 196 1077 227 ΕΡ]
1084 196 1205 228 STVL
1212 196 1277 228 ΑΕ

314 313 398 345 dum
422 312 584 344 dolorem
607 337 711 354 .....
738 311 802 343 sed
828 321 899 343 una
925 321 964 342 se
989 310 1077 343 dicit
1102 311 1350 343 recordatione
1377 311 1608 354 adquiescere
1627 320 1725 353 prae-

313 378 491 409 teritarum
520 376 775 419 uoluptatum'.

315 442 357 474 cf.
385 442 429 473 de
456 441 514 474 fin.
542 448 571 473 11
599 441 655 479 30,
675 440 720 473 98
747 440 975 482 ‘praeteritis,
1000 440 1127 483 inquit,
1158 439 1325 480 gaudeoff.

794 537 837 570 14
880 535 1022 580 [ΠΡΟΣ
1048 535 1250 581 eumz]
1290 525 1293 528 ’

435 617 628 652 LAER'rrvs
657 617 766 651 Dloo.
792 625 820 650 x
844 617 866 650 6
892 617 953 651 καί
979 617 1105 659 ἄλλαις
1132 618 1172 652 δὲ
1198 620 1353 659 πολλαῖς
1379 617 1541 661 ἑταίραις
1566 617 1727 661 γράφειν
1751 626 1766 651 5

316 680 568 725 (Ἐπίκουρον)
594 681 655 716 καὶ
680 681 840 724 μάλιστα
866 679 1044 725 Λεοντίῳ.

762 777 805 811 15
847 775 975 811 ΠΡΟΣ
1009 777 1285 812 ΕΥΡΥΛΟΧΟΝ

223 861 291 893 123
437 857 631 893 LAERTIVS
658 856 770 892 DIOG.
798 867 825 891 x
855 858 897 891 13
929 861 1070 892 τοῦτον
1097 857 1350 902 (Ἐπίκουρον)
1377 858 1662 903 Ἀπολλόδωρος
1688 861 1729 895 ἐν

317 923 510 967 Χρονικοῖς
537 922 805 964 Ναυσιφάνους
831 921 992 956 ἀκοῦσαί
1017 930 1112 965 φησι
1138 923 1198 956 καὶ
1224 921 1509 966 Πραξιφάνους·
1547 924 1661 965 αὐτὸς
1688 925 1728 959 δὲ

316 988 362 1023 οὔ
388 997 507 1032 φησιν
533 986 612 1022 ἀλλ’
640 987 779 1021 ἑαυτοῦ
806 987 846 1021 ἐν
871 989 918 1031 τῇ
949 986 1043 1030 πρὸς
1074 986 1286 1030 Εὐρύλοχον
1313 988 1504 1032 ἐπιστολῇ.
1756 1003 1788 1027 10

775 1084 819 1120 16
861 1083 988 1119 ΠΡΟΣ
1015 1084 1270 1119 ΗΡΟΔΟΤΟΝ

439 1166 498 1211 [cs.
528 1178 583 1211 ep.
612 1175 627 1200 1
652 1167 709 1201 35.
737 1167 794 1201 37.
820 1164 895 1211 82]

225 1249 294 1287 124
439 1249 633 1283 LAERTxvs
660 1247 772 1282 Dloo.
798 1256 823 1280 x
853 1249 873 1281 5
925 1247 1017 1282 ἀλλὰ
1051 1248 1110 1282 καὶ
1137 1247 1322 1289 Ἰδομενέα
1355 1248 1414 1282 καὶ
1441 1248 1645 1291 Ἡρόδοτον
1672 1249 1732 1282 καὶ

317 1315 556 1359 Τιμοκράτην
581 1315 671 1354 τοὺς
698 1313 867 1348 ἔκπυστα
899 1313 1017 1346 αὐτοῦ
1044 1312 1090 1346 τὰ
1121 1312 1261 1355 κρύφια
1287 1311 1522 1354 ποιήσαντας
1549 1312 1731 1355 ἐγκωμιά-

318 1381 394 1415 ζειν
422 1377 658 1422 (Ἐπίκουρον
684 1377 852 1420 λέγουσι)
879 1378 939 1410 καὶ
966 1377 1185 1410 κολακεύειν
1213 1376 1306 1410 αὐτὸ
1333 1379 1460 1411 τοῦτο.
1663 1402 1667 1406 .
1757 1389 1790 1416 115

789 1476 831 1509 17
874 1475 1002 1510 ΠΡΟΣ
1033 1474 1265 1509 ΘΕΜΙΣΤΑΝ

440 1557 632 1593 LAERTR'S
661 1557 770 1591 D10G.
798 1567 825 1590 x
856 1558 899 1590 25
944 1557 1050 1599 (inter
1077 1556 1325 1589 nobilissimos
1353 1556 1501 1600 Epicuri
1537 1557 1735 1600 discipulos

320 1622 433 1665 fuere)
463 1621 646 1663 Λεοντεύς
677 1632 719 1655 τε
745 1621 1000 1663 Λαμψακηνὸς
1037 1619 1177 1661 ὁμοίως
1212 1620 1273 1654 καί
1307 1620 1331 1663 ἡ
1364 1621 1506 1655 τούτου
1538 1622 1634 1664 γυνὴ
1668 1621 1736 1658 Θε-

322 1686 442 1729 μίστα,
467 1686 562 1730 πρὸς
587 1686 634 1729 ἣν
661 1687 721 1720 καὶ
747 1686 939 1729 γέγραφεν
965 1686 985 1719 ὁ
1012 1685 1239 1728 Ἐπίκουρος.

322 1752 365 1786 cf.
393 1753 416 1786 1.
434 1759 521 1785 xxv
548 1762 654 1795 supra
678 1762 713 1795 p.
738 1750 802 1785 101
832 1757 867 1783 et
892 1762 925 1794 p.
948 1750 1028 1794 102,
1050 1752 1088 1788 73
1115 1755 1299 1794 praeterea
1323 1761 1357 1793 p.
1380 1750 1460 1794 135,
1479 1750 1522 1784 31
1541 1761 1593 1793 sq.
1757 1762 1792 1789 20

230 1840 296 1873 125
436 1829 529 1881 οἷός
548 1830 595 1872 τέ
616 1830 708 1882 εἰμι,
728 1830 805 1872 ἐὰν
831 1831 884 1881 μὴ
909 1829 1027 1881 ὑμεῖς
1048 1829 1159 1881 πρός
1182 1843 1231 1880 με
1254 1828 1481 1882 ἀφίκησθε,
1500 1830 1633 1882 αὐτὸς
1651 1845 1734 1883 τρι-

322 1904 538 1954 κύλιστος,
560 1902 660 1944 ὅποι
682 1902 735 1944 ἂν
757 1902 877 1953 ὑμεῖς
900 1903 969 1944 καὶ
990 1902 1181 1954 Θεμίστα
1203 1905 1494 1955 παρακαλῆτε,
1517 1903 1735 1946 ὠθεῖσθαι.

322 1977 519 2010 LAERTJVS
545 1975 654 2009 Dloc.
680 1985 707 2009 x
735 1976 755 2008 5
805 1975 899 2018 πρὸς
936 1976 977 2009 δὲ
1008 1974 1196 2017 Θεμίσταν
1239 1976 1310 2019 τὴν
1342 1977 1537 2018 Λεοντέως
1576 1979 1736 2019 γυναῖκα

324 2040 429 2083 Οἷός
454 2052 519 2083 τε,
547 2039 677 2084 φησίν,
704 2039 795 2082 εἰμί
822 2067 971 2075 ......
999 2041 1232 2075 ὠθεῖσθαι.

231 2125 298 2159 126
442 2123 544 2154 Idem
570 2130 595 2153 x
620 2123 641 2155 5
668 2122 728 2155 καὶ
754 2121 865 2155 πάλιν
890 2121 983 2163 πρὸς
1010 2120 1196 2163 Θεμίσταν
1223 2121 1384 2164 γράφων
1411 2121 1587 2164 ὀνομάζει
1613 2123 1736 2165 αὐτὴν
1760 2134 1793 2161 25

325 2186 526 2230 ἑταίραν,
544 2186 639 2220 καθά
653 2194 747 2228 φησι
763 2185 962 2229 Θεόδωρος
981 2186 1021 2220 ἐν
1039 2189 1094 2230 τῷ
1112 2185 1283 2230 τετάρτῳ
1302 2188 1380 2220 τῶν
1397 2186 1493 2229 πρὸς
1505 2185 1735 2230 Ἐπίκουρον.

437 2314 459 2347 9
473 2313 705 2356 λυσιφάνους
719 2314 768 2346 Ff
779 2323 825 2357 γρ
842 2313 888 2346 P2
923 2315 929 2355 1
970 2314 1012 2347 10
1026 2314 1068 2347 cf.
1086 2314 1124 2346 fx.
1140 2313 1212 2347 233
1235 2314 1241 2356 1
1264 2313 1471 2356 εὐρύλοκον
1485 2311 1565 2356 ΡὮ
1583 2313 1737 2357 εὐρύδο-

325 2384 393 2407 κον
408 2374 557 2406 BFHP2
585 2373 782 2415 εύρύδικον
804 2374 832 2406 f:
862 2384 948 2406 corr.
969 2374 1158 2414 Menagius
1193 2372 1208 2415 ΙΙ
1247 2374 1290 2406 15
1317 2372 1535 2407 κολακεύειν
1561 2373 1606 2406 cs.
1624 2373 1739 2405 Athe-

326 2443 437 2465 naeus
463 2433 553 2464 infra
579 2433 710 2475 p.141,
729 2432 772 2465 16
815 2431 830 2475 ΙΙ
873 2432 916 2465 21
943 2433 1195 2475 τρικύλιστος;
1223 2432 1310 2464 mira
1337 2432 1492 2474 disputat
1515 2432 1555 2464 G.
1576 2432 1738 2463 Kernius

327 2494 413 2524 bem.
432 2503 510 2523 zum
529 2493 584 2526 10.
605 2493 696 2523 buck
716 2493 777 2523 des
796 2491 838 2524 L.
853 2491 901 2524 D.
922 2491 1140 2533 (Primislau.
1160 2489 1268 2533 1878)
1293 2502 1326 2533 p.
1345 2492 1364 2524 7
1405 2493 1410 2533 Ι
1449 2491 1495 2523 22
1513 2490 1601 2524 ὅποι
1621 2491 1737 2522 Cobe-

326 2555 398 2585 tus:
427 2551 524 2585 ὅπου
549 2551 633 2582 libri
672 2550 678 2593 Ι
717 2551 760 2583 23
787 2550 941 2591 λέοντος
964 2551 1064 2582 libri:
1093 2561 1181 2582 corr.
1201 2550 1409 2582 Gassendus
1444 2549 1459 2593 Η
1493 2550 1539 2583 25
1564 2549 1740 2592 ὀνομάζει

326 2610 446 2652 αὐτὴν
475 2608 642 2653 ἑταίραν]
668 2608 811 2651 νομίζει
836 2610 932 2652 αὐτῆ
959 2612 1156 2653 παραινεῖν
1183 2610 1266 2641 libri
1311 2610 1451 2650 ὁμιλεῖν
1478 2608 1575 2652 αὐτῇ
1602 2618 1735 2651 παραι-

326 2672 382 2703 νεῑ
405 2669 691 2702 CFHermannus
721 2671 850 2703 ztsclzr.
869 2671 907 2714 j.
935 2670 1200 2701 altertlzusnsw.
1229 2668 1319 2702 1834
1346 2678 1380 2711 p.
1403 2667 1471 2700 110
1525 2666 1531 2709 }
1585 2667 1631 2700 26
1656 2666 1738 2701 θεό-

327 2729 448 2772 δωρος
475 2729 575 2761 libri:
603 2729 784 2771 θεόδοτος
811 2729 862 2770 ώς
889 2730 904 2761 f
