1846 3288
277 282 410 315 XVIII
839 282 1129 314 PRAEFATIO

282 397 471 437 conlecta
512 410 709 437 uanarum
749 398 987 448 opinionum
1025 398 1184 437 sarcina
1213 398 1351 439 inutili.
1409 399 1507 437 mihi
1535 398 1567 437 si
1596 410 1691 448 pro-

282 464 461 503 uinciam
485 464 639 503 felicius
660 465 944 503 administrare
976 465 1162 514 contigit,
1193 467 1246 504 de
1267 478 1347 515 qua
1377 479 1420 504 re
1442 477 1569 516 penes
1588 465 1690 503 alios

278 530 475 570 iudicium
511 539 587 581 est,
631 533 672 569 id
705 543 827 570 omne
859 532 997 570 amicis
1043 533 1110 583 qui
1147 532 1417 570 instrumento
1457 533 1594 570 critico
1623 544 1690 570 me

278 598 559 638 instruxerunt
595 599 736 637 deberi
775 600 907 637 laetus
947 605 1170 650 gratusque
1210 599 1354 640 fateor.
1413 601 1550 638 studui
1580 606 1691 638 certe

280 673 427 704 cautus
462 679 550 705 esse
573 667 777 716 maluique
809 667 896 703 aliis
929 666 1154 716 relinquere
1177 669 1439 705 emendanda
1462 679 1584 717 quam
1607 679 1691 704 non

279 732 492 772 intellecta
517 740 672 778 temere
692 734 935 782 temptando
963 746 1237 783 corrumpere.
1284 747 1393 772 nunc
1423 746 1516 772 cum
1550 734 1692 772 librum

279 800 468 837 manibus
494 800 649 846 emitto,
683 801 818 838 sentio
840 812 906 838 me
928 801 1135 840 hominem
1157 808 1199 839 et
1227 802 1531 839 inconstantem
1553 801 1691 839 fuisse.

278 873 320 905 et
342 879 392 905 ea
414 867 598 917 quidem,
629 879 736 917 quae
767 868 936 906 meliora
957 869 1119 906 interim
1140 869 1228 907 dies
1252 869 1407 916 docuit,
1436 869 1497 907 fas
1529 875 1592 908 est
1618 880 1694 907 eos

277 934 343 984 qui
378 933 439 972 his
472 941 638 972 utentur
668 947 752 973 non
782 936 984 984 ignorare.

392 1013 454 1051 ep.
476 1008 493 1040 Ι
516 1003 567 1040 41
602 1014 640 1051 p.
664 1004 702 1046 7,
728 1003 837 1041 6--9
871 991 1071 1053 Epicurus
1103 1002 1302 1040 infinitum
1333 1014 1426 1041 esse
1458 1003 1695 1041 uniuersum

278 1074 401 1106 acuta
427 1068 622 1119 breuique
649 1070 1006 1119 argumentatione
1030 1070 1297 1107 demonstrat.
1343 1070 1382 1107 in
1405 1083 1487 1120 qua
1509 1082 1695 1119 assump-

280 1135 432 1173 tionem
457 1136 591 1174 omitti
612 1149 664 1174 eo
698 1138 859 1186 aegrius
890 1137 996 1176 feras
1024 1138 1136 1186 quod
1167 1138 1420 1175 conclusioni
1453 1139 1572 1176 deest
1601 1139 1695 1175 sub-

278 1203 438 1242 iectum.
485 1202 610 1242 nimia
640 1204 745 1242 haec
776 1217 855 1242 nec
886 1205 998 1243 licita
1028 1210 1088 1242 est
1119 1205 1310 1244 breuitas.
1358 1217 1479 1254 quam
1512 1217 1595 1242 non
1627 1218 1696 1242 ex-

279 1276 496 1308 cusaturus
528 1283 654 1316 eram,
689 1273 721 1308 si
752 1272 795 1311 fr.
827 1273 907 1311 297
945 1284 995 1308 ex
1035 1271 1143 1309 libris
1173 1269 1271 1321 περὶ
1300 1269 1480 1321 φύσεως
1512 1274 1695 1320 ductum,

279 1348 361 1388 quo
395 1338 554 1387 integra
584 1340 826 1388 proponitur
856 1339 1004 1377 eadem
1036 1339 1348 1388 argumentatio,
1386 1340 1525 1388 paullo
1563 1342 1696 1378 atten-

278 1406 358 1444 tius
391 1405 707 1444 examinassem.
753 1418 834 1456 quo
858 1406 970 1444 sacto
992 1427 1045 1432 —
1068 1407 1314 1444 adhibuerat
1335 1412 1472 1444 autem
1493 1407 1573 1444 iam
1591 1406 1697 1444 Gas-

280 1474 434 1511 sendus
465 1485 505 1523 p.
526 1475 604 1512 196
639 1494 687 1500 —
720 1486 804 1511 non
835 1474 980 1511 dubito
1003 1474 1099 1522 quin
1120 1480 1214 1523 post
1245 1474 1370 1511 uerba
1402 1471 1452 1512 τὸ
1483 1472 1531 1513 δὲ
1562 1469 1697 1522 ἄκρον

277 1538 380 1589 παρ’
418 1537 570 1591 ἕτερόν
607 1552 645 1580 τι
682 1541 905 1590 θεωρεῖται
942 1541 1308 1579 homoeoteleuton
1348 1541 1529 1578 effecerit
1558 1548 1603 1579 ut
1633 1553 1697 1578 as-

279 1608 458 1656 sumptio
480 1607 743 1646 intercideret
765 1608 867 1646 haec
890 1605 1002 1648 ἀλλὰ
1023 1606 1106 1657 μὴν
1133 1606 1183 1648 τὸ
1214 1608 1300 1647 πᾶν
1332 1605 1384 1648 οὐ
1415 1606 1514 1658 παρ’
1547 1605 1697 1658 ἕτερόν

279 1686 317 1715 τι
349 1674 572 1725 θεωρεῖται
605 1673 768 1725 (Cicero
799 1677 821 1715 l.
845 1688 874 1715 s.
907 1680 950 1712 at
975 1676 1080 1724 quod
1109 1688 1216 1713 omne
1246 1680 1313 1721 esl,
1344 1677 1387 1712 id
1415 1689 1491 1712 non
1524 1677 1699 1713 cernitur

279 1754 333 1780 ex
365 1743 447 1779 alio
475 1739 766 1793 extrinsecus):
804 1744 862 1781 sic
890 1744 1016 1781 etiam
1048 1744 1272 1789 conclusio,
1305 1756 1398 1781 cum
1436 1743 1699 1781 continuetur

280 1811 509 1848 subiectum
541 1811 844 1860 assumptionis,
881 1817 990 1848 recte
1021 1812 1272 1850 adnectitur:
1325 1808 1435 1860 ὥςτε
1474 1807 1553 1849 οὐκ
1597 1807 1700 1860 ἔχον

278 1873 413 1927 ἄκρον
447 1874 522 1928 (se.
551 1874 602 1916 τὸ
632 1875 733 1928 πᾶν)
763 1876 901 1927 πέρας
931 1875 1012 1917 οὐκ
1043 1875 1142 1927 ἔχει.

392 1944 490 1985 ibid.
510 1945 561 1982 59
585 1957 625 1995 p,
648 1945 711 1996 17,
734 1946 781 1983 16
814 1942 964 1994 μικρόν
996 1956 1035 1984 τι
1056 1942 1192 1994 μόνον
1223 1942 1389 1994 μακρὰν
1423 1942 1699 1995 ἐκβάλλον·

279 2023 380 2062 τες;
429 2019 591 2062 tempus
632 2013 709 2050 etsi
748 2013 912 2050 tolerari
948 2018 1099 2062 potest,
1138 2019 1277 2050 tamen
1314 2013 1440 2050 credo
1480 2012 1699 2062 Epicurum

279 2076 539 2130 ἐκβαλόντες
570 2080 795 2129 scripsisse.

394 2148 492 2185 ibid.
525 2149 574 2186 71
608 2159 645 2196 p.
669 2148 733 2192 24,
757 2149 780 2186 6
828 2144 930 2187 οὐδὲ
973 2145 1056 2197 γὰρ
1098 2147 1231 2187 τοῦτο
1269 2144 1586 2196 διανοητέον
1616 2159 1702 2184 non

280 2220 391 2253 recte
434 2214 540 2252 tradi
576 2214 824 2264 Bernaysius
861 2215 902 2251 in
940 2215 1236 2252 commentario
1279 2214 1526 2252 Lucretiano
1569 2222 1586 2253 I
1618 2215 1700 2253 449

280 2279 439 2332 (opusc.
471 2288 498 2319 t.
521 2289 558 2321 ΙΙ
589 2294 626 2332 p.
649 2282 720 2331 49)
752 2282 907 2331 optime
938 2282 1136 2319 intellexit
1168 2282 1361 2331 idemque
1391 2281 1567 2320 correxit
1597 2281 1702 2320 δια·

279 2346 491 2398 νοητόν,
526 2355 567 2386 ut
598 2349 760 2398 saepius
792 2345 1054 2397 ἀδιανόητον
1086 2348 1288 2398 Epicurus
1328 2349 1441 2393 dixit,
1483 2348 1532 2386 cf.
1566 2347 1700 2385 Philo-

280 2417 427 2454 demus
459 2417 512 2453 de
543 2416 644 2456 rhet.
676 2423 726 2456 IV
757 2418 780 2454 2
811 2429 846 2455 c,
877 2418 944 2461 44,
973 2417 996 2454 8
1029 2411 1064 2455 εἰ
1097 2413 1150 2465 μὴ
1179 2413 1411 2464 διανοητὸν
1440 2411 1524 2465 ἄρα
1555 2414 1642 2454 κτλ.

396 2496 461 2532 ep.
491 2491 527 2522 ΙΙ
560 2485 612 2522 96
644 2496 681 2533 p.
708 2485 772 2528 42,
797 2484 818 2521 7
867 2483 1077 2520 desectum
1114 2483 1209 2520 solis
1247 2484 1453 2532 lunaeque
1499 2483 1572 2531 Ep.
1618 2481 1703 2518 fieri

280 2562 406 2600 posse
443 2557 562 2600 putat
603 2545 695 2589 κατ’
737 2548 1100 2600 ἐπιπροσθέτησιν
1132 2547 1275 2589 ἄλλων
1314 2550 1454 2595 τινῶν,
1493 2547 1518 2598 ἢ
1554 2549 1635 2598 γῆς
1675 2546 1701 2598 ἢ

283 2614 516 2666 οὐρανοῦ
545 2615 570 2666 ἢ
602 2615 721 2667 τινὸς
754 2615 906 2667 ἑτέρου
937 2615 1152 2657 τοιούτου.
1200 2618 1386 2656 insanam
1414 2617 1466 2654 ibi
1488 2628 1579 2654 esse
1601 2615 1704 2654 caeli

285 2685 539 2722 mentionem
570 2697 694 2722 nemo
724 2697 807 2722 non
840 2686 965 2722 uidet.
1012 2686 1087 2721 sed
1104 2684 1319 2734 Woltjerus
1351 2685 1464 2733 quod
1492 2683 1704 2734 proposuit

285 2749 312 2800 ἢ
354 2751 435 2801 γῆς
466 2750 492 2801 ἢ
525 2750 715 2801 σελήνης
747 2764 797 2789 ea
827 2764 974 2790 caussa
1006 2752 1272 2801 inprobabile,
1319 2753 1433 2801 quod
1464 2758 1505 2789 et
1537 2751 1631 2789 solis
1663 2756 1705 2789 et

285 2818 406 2857 lunae
438 2818 650 2857 desectum
672 2819 820 2856 eadem
843 2831 968 2868 opera
991 2819 1165 2868 scriptor
1186 2818 1391 2868 explicare
1411 2820 1564 2858 studet.
1605 2819 1706 2870 quid
