1842 3250
235 608 305 642 400

232 1137 299 1170 401

229 1860 299 1894 402

227 2329 297 2363 403

331 222 403 256 276
822 225 1027 257 EPICVRI
1062 226 1248 258 ETHICA

332 337 423 370 cium
457 338 534 370 eius
565 338 601 370 in
635 338 812 377 sensibus,
852 343 890 371 ut
922 340 1138 373 commoneri
1170 351 1236 372 nos
1268 341 1352 372 satis
1386 340 1441 380 sit,
1480 341 1568 373 nihil
1597 342 1743 374 attineat

332 402 480 436 doceri‘.

332 467 428 499 idem
455 468 542 500 ibid.
570 475 598 500 Π
630 468 684 509 12,
712 467 756 501 36
783 467 847 500 'ait
874 469 1039 501 sensibus
1067 469 1154 512 ipsis
1185 469 1334 501 iudicari
1361 470 1580 513 uoluptatem
1608 470 1741 502 bonum

332 542 423 569 esse,
453 532 614 564 dolorem
641 532 797 565 malum’.

453 604 598 639 CICERO
625 607 767 639 Luculli
794 608 852 646 46,
887 608 953 640 140
994 607 1095 640 ‘audi
1123 615 1242 641 contra
1268 609 1364 646 illos,
1392 609 1452 651 qui
1479 620 1607 642 nomen
1633 609 1742 642 hone·
1766 617 1782 642 5

332 671 432 702 statis
458 681 478 702 a
504 681 541 702 se
568 681 610 702 ne
637 671 800 711 intellegi
827 672 969 714 quidem
996 673 1125 710 dicant,
1153 673 1220 705 nisi
1247 674 1338 705 sorte
1363 674 1459 716 quod
1485 673 1678 714 gloriosum
1698 674 1743 706 sit

333 735 369 766 in
398 734 540 776 uolgus,
579 736 615 767 id
642 735 832 768 honestum
862 737 1013 769 uelimus
1041 738 1179 770 dicere?
1223 738 1357 770 sontem
1388 738 1542 770 omnium
1570 739 1741 770 bonorum

330 800 367 831 in
391 810 540 843 corpore
568 811 658 837 esse,
686 800 774 833 hauc
801 811 970 840 normam,
997 802 1085 834 hanc
1112 803 1281 843 regulam,
1315 802 1404 834 hanc
1431 803 1742 845 praescriptionem

330 875 408 897 esse
442 870 598 903 naturae,
639 876 658 896 a
685 876 754 907 qua
786 866 847 908 qui
881 865 1127 907 aberrauisset‚
1168 877 1246 897 eum
1280 876 1468 908 numquam
1497 867 1582 908 quid
1610 867 1645 899 in
1671 867 1742 899 uita

330 935 548 972 sequeretur.
573 930 774 961 habiturum
786 929 804 963 ³.
1768 938 1798 962 ιο

328 993 423 1025 idem
452 1004 501 1026 or.
529 994 564 1026 in
590 994 630 1027 L.
658 994 825 1026 Pisonem
847 994 910 1031 28,
939 994 984 1027 68
1022 994 1186 1026 ‘audistis
1215 995 1375 1036 profecto
1404 994 1474 1027 dici
1500 994 1740 1037 philosophos

327 1058 526 1101 Epicureos
554 1060 669 1091 omnis
698 1069 751 1090 res
776 1069 866 1101 quae
894 1059 963 1090 sint
985 1059 1120 1090 homini
1147 1060 1366 1101 expetendae
1392 1059 1576 1101 uoluptate
1599 1058 1740 1091 metiri'.

449 1133 591 1167 CICERO
619 1135 725 1166 Tusc.
744 1135 835 1177 disp.
858 1134 993 1172 116,15
1021 1134 1244 1177 ‘Aristippus
1271 1145 1341 1166 non
1368 1134 1544 1167 dubitauit
1570 1144 1741 1166 summum

326 1198 455 1231 malum
489 1198 652 1230 dolorem
689 1199 824 1230 dicere:
870 1199 1000 1231 deinde
1035 1200 1079 1231 ad
1112 1199 1202 1231 hanc
1234 1203 1433 1231 eneruatam
1460 1198 1741 1241 muliebremque

327 1253 539 1295 sententiam
568 1264 652 1296 satis
679 1263 832 1296 docilem
862 1274 899 1295 se
928 1264 1100 1306 Epicurus
1127 1264 1321 1306 praebuit'.
1768 1275 1798 1300 15

325 1328 414 1360 ibid.
434 1335 460 1360 V
480 1327 512 1366 9,
530 1328 576 1361 26
604 1327 699 1359 ‘cum
726 1327 889 1360 dolorem
915 1339 987 1360 non
1010 1329 1117 1360 modo
1144 1339 1341 1360 maxumum
1367 1328 1508 1366 malum,
1535 1328 1597 1359 sed
1626 1327 1741 1359 solum

325 1392 456 1424 malum
483 1393 587 1424 etiam
616 1392 771 1424 dixerit⁷.
825 1393 868 1425 cs.
897 1393 984 1426 ibid.
1013 1400 1039 1425 Π
1063 1393 1115 1430 12,
1134 1393 1191 1426 23.
1222 1394 1276 1431 19,
1295 1393 1351 1426 44.
1371 1393 1427 1426 45.
1455 1401 1479 1425 v
1503 1393 1558 1429 10,
1578 1393 1634 1426 31.

325 1455 569 1490 LACTANTIVS
596 1457 706 1489 diuin.
734 1457 843 1490 instit.
871 1465 916 1489 ΙΙΙ
947 1457 1000 1495 17,
1030 1458 1074 1490 33
1117 1457 1221 1501 ‘quin
1253 1457 1372 1500 potius
1407 1457 1528 1496 efficis,
1566 1468 1609 1489 ne
1637 1457 1743 1490 dolor

326 1522 455 1553 malum
482 1521 547 1554 sit?
574 1522 758 1554 omnium
787 1522 902 1564 inquit
929 1522 1134 1565 (Epicurus)
1161 1522 1367 1554 malorum
1397 1505 1628 1554 maximum'
1647 1519 1738 1554 est’„

325 1586 413 1618 ibid.
441 1593 487 1618 111
516 1587 571 1624 17,
599 1586 620 1619 5
660 1585 863 1629 ‘inpatienti
889 1597 928 1618 ac
956 1587 1110 1619 delicato
1144 1586 1306 1618 dolorem
1342 1597 1420 1618 esse
1447 1586 1603 1618 omnium
1629 1585 1740 1618 malo-
1763 1595 1796 1619 20

325 1662 399 1683 rum
420 1651 607 1684 maximum
629 1652 756 1685 dicitur
775 1651 834 1693 (ab
854 1649 1042 1695 Epicur0):
1069 1651 1164 1689 sorti,
1191 1651 1296 1683 etiam
1322 1651 1357 1682 in
1384 1650 1568 1682 tormentis
1595 1650 1739 1682 beatum

325 1727 405 1748 esse
432 1716 656 1760 sapientem‘.

325 1779 474 1814 SEXTVS
490 1792 580 1824 emp.
597 1781 718 1824 hypot.
735 1789 777 1814 111
796 1781 861 1814 195
882 1780 1060 1824 ἀλγηδὼν
1078 1781 1101 1822 ἤ
1123 1780 1201 1814 ἐστι
1221 1779 1301 1814 κατ’
1322 1779 1461 1821 αὐτοὺς
1479 1779 1591 1822 φύσει
1611 1779 1738 1812 κακὸν.

447 1854 640 1889 LVCIANVS
667 1857 722 1889 bis
751 1868 865 1889 accus·
884 1857 927 1889 21
951 1857 1141 1899 (Epicurus
1167 1855 1341 1898 loquitur)
1368 1855 1462 1898 πρὸς
1488 1855 1528 1889 δὲ
1554 1854 1624 1896 τὴν
1651 1854 1738 1897 ἡδο-

323 1920 395 1963 νὴν
428 1921 589 1963 ἄσμενος
622 1921 898 1964 ἐδραπέτευσεν
929 1921 1148 1964 (Διονύσιος
1173 1922 1194 1955 ὁ
1221 1920 1487 1963 μεταθέμενος)
1523 1920 1647 1962 ὥςπερ
1678 1919 1737 1953 δε·
1763 1929 1795 1955 ‘25

325 1985 400 2027 σμά
425 1995 510 2019 τινα
542 1985 726 2028 διακόψας
760 1986 827 2027 τὰς
860 1987 939 2019 τῶν
970 1985 1095 2026 λόγων
1121 1984 1342 2027 πλεκτάνας,
1379 1984 1645 2027 ἀνθρώπινα
1678 1983 1738 2017 καὶ

324 2050 370 2084 οὺ
398 2050 572 2094 βλακώδη
603 2050 800 2095 φρονήσας
833 2051 893 2084 καὶ
919 2050 987 2084 τὸν
1014 2051 1082 2093 μὲν
1109 2050 1241 2092 πόνον,
1280 2049 1300 2083 ὅ
1327 2059 1398 2092 περ
1425 2047 1515 2092 ἐστί,
1555 2048 1736 2092 πονηρόν,

325 2115 454 2157 ἡδεῖαν
481 2116 522 2150 δὲ
549 2116 620 2158 τὴν
647 2115 791 2158 ἡδονὴν
818 2113 958 2158 οἰηθείς
983 2133 1029 2139 —-
1045 2142 1052 2148 .

323 2180 410 2212 ibid.
429 2180 475 2213 22
502 2178 599 2214 STOA
627 2179 749 2215 Κακὸν
775 2181 859 2223 ἡγεῖ
884 2180 952 2214 τὸν
979 2180 1117 2219 πόνον;
1147 2178 1343 2213 Emcvnvs
1364 2176 1443 2213 Ναί.
1471 2176 1530 2212 ST.
1549 2176 1627 2219 Τὴν
1649 2177 1737 2219 ἡδο-

322 2244 394 2286 νὴν
421 2244 461 2278 δὲ
489 2244 649 2286 ἀγαθόν;
683 2243 748 2278 ΕΡ.
775 2243 885 2278 Πάνυ
912 2244 980 2285 μὲν
1005 2243 1085 2278 οὖν.
1761 2252 1795 2277 30

444 2319 637 2353 Pnowmvs
663 2321 750 2353 diss.
777 2320 824 2354 30
850 2320 946 2362 (enn.
974 2327 999 2352 11
1024 2318 1075 2363 9),
1101 2319 1144 2352 15
1171 2318 1273 2353 δυεῖν
1299 2317 1372 2362 γὰρ
1398 2317 1527 2352 οὐσῶν
1553 2315 1737 2360 αἱρέσεων

321 2388 392 2421 τοῦ
425 2387 552 2428 τυχεῖν
584 2388 654 2420 τοῦ
687 2385 831 2427 τέλους,
871 2386 955 2427 μιᾶς
987 2385 1054 2425 μὲν
1087 2385 1154 2426 τῆς
1186 2384 1329 2426 ἡδονὴν
1360 2382 1432 2425 τὴν
1464 2385 1534 2416 τοῦ
1562 2381 1737 2423 σώματος

321 2450 430 2492 τέλος
453 2449 660 2493 τιθεμένης,
689 2449 820 2493 ἑτέρας
846 2449 887 2484 δὲ
911 2452 980 2490 τῆς
1005 2447 1050 2482 τὸ
1077 2448 1191 2483 καλὸν
1218 2448 1277 2482 καί
1300 2447 1371 2490 τὴν
1397 2446 1537 2490 ἀρετὴν
1563 2445 1736 2490 αἱρουμέ-

321 2524 389 2556 νης
415 2541 422 2548 .
443 2541 450 2548 .
472 2542 479 2547 .
499 2541 508 2548 .
534 2514 555 2548 ὁ
583 2514 651 2556 μὲν
668 2512 885 2557 Ἐπίκουρος
909 2513 981 2555 τὴν
1007 2513 1190 2556 πρόνοιαν
1216 2511 1383 2555 ἀναιρῶν
1408 2511 1478 2554 τὴν
1505 2510 1649 2554 ἡδονὴν
1676 2509 1735 2544 καὶ

321 2579 366 2613 τὸ
392 2579 560 2621 ἥδεσθαι,
587 2579 608 2613 ὅ
635 2589 706 2622 περ
732 2578 778 2621 ἣν
805 2578 949 2620 λοιπόν,
976 2580 1092 2612 τοῦτο
1120 2577 1269 2612 διώκειν
1295 2576 1600 2620 παρακελεύεται.
1760 2584 1793 2609 ³5

321 2642 730 2686 [PARADOXOGRAPHVS
744 2643 879 2676 codicis
895 2643 1102 2675 Barocciani
1117 2642 1186 2675 219
1202 2643 1238 2674 in
1254 2641 1408 2674 Crameri
1424 2640 1608 2673 anecdotis
1618 2639 1734 2672 Oxon.

441 2757 464 2791 8
489 2757 534 2791 cs.
560 2757 601 2790 fr.
620 2757 691 2790 260
732 2756 747 2800 ss
789 2756 830 2790 21
861 2757 901 2789 fr.
921 2756 988 2790 601

1836 2562 1842 2745 ἕ
