1842 3250
142 605 211 637 502

151 2053 221 2086 504

253 215 323 250 312
752 215 932 248 EPICVR
938 216 956 247 I
982 214 1170 248 ETHICA

250 330 344 365 ἀλλὰ
362 331 422 365 καὶ
442 329 617 372 λέγουσιν
644 329 772 370 αὐτοῖς
798 331 925 364 κακῶν
952 328 1160 364 ἀπαύστων
1184 331 1245 364 καὶ
1275 330 1465 375 ἀορίστων
1482 333 1660 367 λυθεῖσαν

251 394 419 437 ὑποψίαν
452 393 596 435 ἀγαθὸν
627 394 869 436 βεβαιότατον
903 395 963 428 καὶ
988 394 1144 437 ἥδιστον
1171 394 1369 430 ἀπολιπεῖν
1393 396 1464 438 τήν
1490 395 1659 431 ἐπίνοιαν

250 462 318 494 τοῦ
345 460 531 500 λελύσθαι,
560 459 620 492 καὶ
645 461 763 492 τοῦτο
790 461 910 493 ποιεῖν
928 458 997 492 τὸν
1016 458 1238 502 Ἐπικούρου
1263 460 1378 502 λόγον
1406 459 1563 495 ἱστάντα
1589 464 1660 496 τοῦ

250 523 417 558 θανάτου
445 523 490 558 τὸ
517 523 602 563 δέος
628 523 667 557 ἐν
696 525 742 566 τῇ
769 523 934 557 διαλύσει
961 524 1030 565 τῆς
1054 525 1189 566 ψυχῆς.

369 604 622 638 PLVTARCHVS
647 609 768 636 contra
785 604 931 647 Epicuri
958 604 1214 637 beatitudinem
1232 605 1279 640 30
1297 606 1458 649 p.110'7·
1485 605 1517 641 εἰ
1544 607 1584 641 δὲ
1613 607 1659 650 δὴ

250 670 309 704 καὶ
336 669 415 711 μετ’
434 668 654 711 ἀλγηδόνος,
683 668 807 712 ὥςπερ
826 667 1044 712 Ἐπίκουρος
1071 667 1203 713 οἴεται,
1231 672 1311 711 τοῖς
1336 669 1526 712 πλείστοις
1544 670 1659 706 ἀπόλ-

248 736 381 768 λυσθαι
399 732 604 777 συμβαίνει,
631 732 871 767 παντάπασιν
899 732 1192 777 ἀπαρηγόρητὸς
1219 734 1321 769 ἐστιν
1347 735 1368 770 ὁ
1394 738 1463 769 τοῦ
1490 736 1658 770 θανάτου

249 799 367 841 φόβος
393 798 445 841 εἰς
472 798 626 840 ἀγαθῶν
653 798 829 841 στέρησιν
856 798 916 832 διὰ
943 800 1070 832 κακῶν
1101 799 1272 840 ἄγοντος.

369 879 519 914 SENECA
548 881 648 923 epist.
676 881 734 917 30.
757 881 799 914 14
826 880 990 913 ‘dicebat
1019 880 1164 923 quidem
1189 881 1253 914 ille
1280 882 1405 925 (homo
1430 882 1517 915 mihi
1544 884 1658 925 carus)

250 946 393 989 Epicuri
421 946 619 989 praeceptis
647 945 867 988 obsequens:
917 945 1069 989 primum
1095 955 1237 988 sperare
1264 957 1302 979 se
1331 946 1469 979 nullum
1496 947 1658 979 dolorem

250 1021 328 1043 esse
355 1011 391 1042 iu
418 1010 484 1042 illo
512 1014 667 1042 extremo
696 1010 871 1043 anhelitu:
900 1011 928 1042 si
955 1016 1070 1043 tamen
1099 1016 1206 1049 esset,
1231 1010 1363 1043 habere
1382 1011 1604 1054 aliquantum
1623 1013 1659 1044 in

250 1075 329 1118 ipsa
347 1075 521 1108 breuitate
541 1075 687 1108 solacii:
715 1075 853 1108 nullum
873 1076 967 1109 enim
985 1076 1149 1108 dolorem
1167 1076 1313 1118 longum
1335 1086 1413 1109 esse
1431 1076 1493 1120 qui
1510 1086 1659 1118 magnus

252 1144 314 1173 cst.
341 1145 495 1172 ceterum
524 1150 769 1172 succursurum
797 1140 865 1172 sibi
891 1140 997 1173 etiarn
1023 1141 1060 1173 in
1085 1141 1164 1183 ipsa
1183 1141 1413 1173 distractione
1432 1141 1568 1173 animae
1586 1151 1660 1181 cor·

251 1205 434 1248 petisque,
474 1205 503 1236 si
531 1215 607 1236 cum
642 1205 797 1237 cruciatu
824 1204 859 1236 id
887 1205 997 1244 fieret,
1037 1210 1118 1248 post
1150 1204 1252 1237 illum
1280 1205 1441 1238 dolorem
1471 1216 1509 1238 se
1536 1205 1659 1238 dolere

251 1280 321 1301 non
341 1280 458 1312 posse.
487 1280 558 1301 non
585 1269 748 1301 dubitare
775 1275 891 1302 autem
919 1280 968 1308 se,
996 1270 1080 1313 quin
1109 1269 1234 1302 senilis
1261 1271 1377 1303 anima
1401 1271 1437 1303 in
1464 1271 1586 1315 primis
1614 1275 1660 1303 la-

251 1335 324 1366 bris
349 1339 445 1366 esset
470 1344 534 1366 nec
561 1344 690 1375 magua
715 1334 750 1365 ui
777 1334 1033 1366 distraheretur
1059 1345 1078 1366 a
1103 1345 1265 1377 corpore.
1292 1334 1385 1376 ignis
1404 1335 1465 1379 qui
1483 1335 1660 1368 ualentem

251 1398 429 1431 materiam
457 1399 658 1441 occupauit,
686 1409 776 1441 aqua
803 1403 837 1430 et
861 1399 1038 1431 interdum
1065 1399 1166 1431 ruina
1194 1399 1474 1441 exstinguendus
1502 1404 1570 1432 est:
1597 1400 1661 1432 ille

250 1464 310 1506 qui
337 1463 514 1496 alimentis
547 1463 721 1502 deficitur,
748 1474 810 1496 sua
837 1470 962 1507 sponte
991 1464 1159 1497 subsidit.
1189 1490 1196 1497 .
1217 1490 1225 1498 .
1247 1491 1254 1498 .
1277 1490 1284 1497 .
1304 1463 1383 1509 (16)
1401 1464 1491 1497 illud
1516 1464 1661 1508 quidem

250 1528 368 1560 aiebat
394 1532 605 1560 tormentum
632 1534 752 1560 nostra
783 1539 846 1560 nos
881 1529 1012 1560 sentire
1039 1539 1158 1572 opera,
1198 1529 1295 1572 quod
1321 1534 1404 1561 tunc
1430 1529 1660 1573 trepidamus,

250 1603 328 1624 cum
356 1602 467 1635 prope
494 1603 513 1624 a
538 1592 644 1624 nobis
672 1603 750 1624 esse
778 1592 954 1625 credimus
980 1597 1140 1626 mortem.
1184 1604 1203 1624 a
1231 1604 1302 1636 quo
1332 1593 1424 1626 enim
1451 1604 1523 1626 non
1548 1603 1660 1636 prope

249 1664 313 1694 cst,
340 1660 460 1699 parata
486 1657 650 1689 omnibus
676 1657 767 1689 iocis
794 1658 1030 1700 omnibusque
1057 1657 1264 1690 momentis?
1291 1658 1356 1690 sed
1381 1657 1660 1695 consideremus,

250 1722 375 1765 iuquit,
416 1725 498 1752 tune
524 1731 602 1753 cum
629 1721 749 1764 aliqua
783 1732 888 1753 causa
922 1722 1097 1754 moriendi
1131 1723 1274 1755 uidetur
1307 1723 1488 1760 accedere,
1526 1727 1660 1765 quanto

250 1786 341 1818 aliae
369 1786 553 1828 propiores
582 1787 651 1819 sint
677 1797 767 1830 quae
795 1797 865 1818 uon
893 1787 1071 1819 timentur.
1107 1786 1220 1819 hostis
1246 1786 1352 1819 alicui
1380 1791 1527 1819 mortem
1554 1787 1662 1819 mina-

251 1852 369 1884 batur:
398 1852 486 1884 hanc
513 1851 668 1884 cruditas
696 1850 912 1895 occupauit’.

758 1966 824 1997 DE
853 1966 1129 1999 VIRTVTIBV
1131 1965 1155 1998 S

371 2046 564 2082 ΒΑΜ-»τινε
591 2046 698 2081 Diuo.
726 2056 751 2080 x
781 2047 849 2081 138
892 2047 952 2081 διὰ
985 2047 1025 2081 δὲ
1058 2047 1129 2089 τὴν
1162 2048 1306 2090 ἡδονὴν
1340 2049 1401 2082 καὶ
1432 2048 1500 2089 τὰς
1526 2048 1663 2092 ἀρετὰς

250 2113 443 2157 αἱρεῖσθαι,
470 2112 515 2146 ού
535 2112 581 2146 δι’
602 2111 729 2153 αὑτάς,
757 2112 880 2154 ὥςπερ
906 2111 977 2154 τὴν
1005 2111 1174 2155 ἰατρικὴν
1201 2112 1260 2146 διὰ
1286 2112 1357 2156 τήν
1382 2111 1538 2155 ὑγίειαν,
1566 2113 1662 2148 καθά

251 2187 346 2220 φησι
373 2178 432 2211 καὶ
458 2176 646 2219 Διογένης
672 2177 711 2211 ἑν
739 2179 784 2221 τῇ
812 2178 832 2210 ἦ
855 2179 934 2210 τῶν
962 2176 1195 2212 Ἐπιλέκτων.

252 2241 397 2274 SENECA
425 2242 511 2274 aiax.
534 2249 592 2274 vn
619 2242 662 2273 ad
688 2241 892 2273 Gallionem
920 2241 964 2273 de
989 2241 1061 2273 uita
1084 2241 1189 2274 beata
1213 2241 1248 2284 9,
1269 2242 1285 2275 1
1315 2241 1406 2274 “scd
1432 2247 1468 2274 tu
1494 2241 1663 2284 quoque'‘

251 2306 364 2348 inquit
385 2305 589 2348 (Epicurus)
616 2304 851 2336 “uirtutem
876 2315 959 2336 non
982 2305 1034 2336 ob
1056 2304 1174 2337 aliud
1196 2304 1307 2337 colis
1326 2315 1448 2348 quam
1468 2307 1569 2349 quia
1588 2307 1663 2339 ali·
1687 2317 1702 2341 3

252 2383 371 2416 quam
398 2382 443 2402 ox
474 2371 558 2403 illa
584 2381 736 2414 speras·
757 2370 1068 2413 uoluptatem‘’.
1112 2369 1260 2413 primum
1281 2381 1364 2409 non,
1391 2372 1421 2403 si
1440 2371 1661 2415 uoluptatem

250 2441 467 2479 praestatura
496 2436 607 2468 uirtus
643 2439 708 2473 cst,
745 2435 827 2467 ideo
859 2440 1005 2478 propter
1038 2434 1129 2468 hanc
1160 2435 1302 2478 petitur.
1353 2446 1425 2468 non
1452 2435 1544 2468 enim
1571 2435 1662 2469 hanc

372 2569 393 2601 6
419 2568 539 2611 inepte
568 2568 674 2608 igitur
693 2574 816 2600 contra
833 2567 1025 2611 Epicurum
1045 2568 1250 2600 Lactantius
1271 2574 1532 2609 argumentatur
1550 2569 1660 2602 diuin.

252 2628 400 2661 institut.
419 2635 461 2661 ΠΙ
484 2628 537 2666 17,
556 2627 698 2660 31---33
732 2627 748 2670 ΙΙ
786 2628 826 2660 11
845 2628 995 2660 haberet
1012 2628 1075 2670 Mp
1110 2627 1115 2668 Ι
1159 2626 1200 2661 19
1220 2632 1307 2659 tunc
1328 2638 1385 2659 om
1403 2638 1426 2669 p
1461 2627 1468 2669 1
1502 2627 1550 2660 20
1567 2629 1660 2660 enim

246 2692 360 2728 prope
387 2697 455 2717 non
483 2691 536 2718 cst
560 2687 596 2717 M
653 2685 669 2729 11
722 2685 768 2719 26
796 2686 839 2720 ef.
867 2687 907 2719 sr.
935 2685 991 2719 67.
1018 2686 1073 2719 69.
1103 2686 1149 2719 70
1206 2687 1212 2727 Ι
1273 2685 1318 2719 27
1345 2686 1390 2718 de
1418 2685 1581 2729 exemplo
1611 2686 1655 2720 cf.

252 2757 286 2789 p.
307 2745 387 2785 267,
408 2746 448 2778 17
476 2756 553 2777 cum
581 2747 659 2777 adu.

1685 615 1701 641 <fl

1687 956 1719 980 10

1688 1277 1719 1302 15

1686 1598 1719 1623 ‘20
