1846 3288
47 719 90 753 61

65 923 96 947 m

65 1243 97 1269 15

65 1567 100 1594 20

570 193 775 226 EPICVRI
806 193 1089 229 ΣΥΜΠΟΣΙΟΝ
1475 196 1490 228 1
1499 195 1543 228 17

119 308 170 350 ὡς
198 308 351 351 ἑγῷμαι,
385 308 546 342 τοιόνδε.
591 309 686 351 φησί
718 308 791 351 γὰρ
824 309 894 343 οὐκ
929 310 1023 344 εἶναι
1056 309 1195 352 Θερμὸν
1228 309 1444 350 αὐτοτελῶς
1476 312 1545 343 τόν

118 374 224 408 οἶνον
250 373 329 407 ἀλλ’
357 373 456 415 ἔχειν
482 373 586 413 τινὰς
613 373 779 415 ἀτόμους
807 374 846 407 ἐν
876 374 981 418 αὐτῷ
1009 373 1213 416 Θερμασίας
1237 373 1544 416 ἀποτελεστικὰς,

119 437 248 481 ἑτέρας
281 437 313 472 δ’
341 437 389 472 αὖ
423 438 685 481 ψυχρότητος·
729 439 783 473 ὧν
818 439 886 480 τὰς
920 440 987 480 μεν
1021 439 1247 479 ἀποβάλλειν
1286 439 1379 473 ὅταν
1415 438 1467 480 εἰς
1499 439 1544 473 τὸ

118 505 227 545 σῶμα
253 503 524 546 παραγένηται,
557 504 627 544 τὰς
654 504 695 538 δὲ
722 504 1026 545 προσλαμβάνειν
1054 504 1095 538 ἐκ
1120 506 1190 538 τοῦ
1219 504 1407 545 σώματος,
1438 501 1543 547 (καὶ)

119 567 170 609 ὡς
197 568 242 601 ἂν
270 568 399 609 ἔχουσι
431 567 602 611 κράσεως
629 569 716 611 ἡμῖν
743 569 766 610 ἢ
793 569 947 611 φύσεως
980 569 1166 610 ὁμιλῆσαι,
1200 568 1252 609 ὡς
1274 568 1366 609 τοὺς
1393 568 1460 609 μὲν
1487 567 1545 601 ἐκ·

119 631 395 676 θερμαίνεσθαι,
421 633 512 674 τοὺς
541 633 581 667 δὲ
609 632 837 667 τούναντίον
864 633 1023 675 πάσχειν
1051 633 1367 675 μεθυσκομένους.

240 713 497 749 ΡΙΝΤΑιιοΗνε
525 721 661 759 quaest.
689 716 831 748 conuiu.
859 723 904 749 111
931 715 964 754 6,
994 716 1011 749 1
1039 727 1071 758 p.
1093 701 1182 749 653b
1220 712 1418 749 Νεανίσκοι
1445 714 1546 753 τινὲς

120 779 166 814 οὐ
193 780 307 813 πάλαι
332 782 413 820 τοῖς
437 780 611 821 παλαιοῖς
642 779 769 820 λόγοις
802 780 1182 822 προσπεφοιτηκότες
1209 779 1450 822 ἐσπάραττον
1478 777 1546 812 τὸν

120 843 340 887 Ἐπίκουρον
373 843 424 884 ώς
450 844 495 877 οὐ
524 844 639 878 καλὸν
671 842 752 877 οὐδ’
782 843 988 884 ἀναγκαῖον
1023 844 1278 886 ἐσβεβληκότα
1311 843 1427 884 λόγον
1462 842 1547 885 περὶ

121 911 254 951 καιροῦ
282 907 486 949 συνουσίας
513 908 564 949 εἰς
591 909 634 942 τὸ
663 909 893 950 συμπόσιον·
923 909 1093 952 μιμνῄοκ.
1111 911 1195 942 σθαι
1216 908 1288 951 γὰρ
1311 906 1548 951 ἀφροδισίων

121 973 241 1015 ἄνδρα
267 973 526 1016 πρεσβύτερον
554 973 593 1006 ἐν
620 973 761 1017 δείπνῳ
789 972 991 1016 μειρακίων
1019 983 1222 1016 πα,.οντων
1252 973 1312 1006 καὶ
1340 973 1546 1016 διαπορεῖν,

121 1037 286 1081 πότερον
313 1037 406 1079 μετὰ
434 1037 587 1071 δεῖπνον
606 1037 628 1078 ἢ
649 1038 722 1079 πρὸ
751 1036 905 1071 δείπνου
933 1038 1131 1079 χρηστέον,
1160 1038 1323 1081 ἐσχάτης
1344 1037 1549 1078 ἀκολασίας

122 1102 227 1136 εἶναι.
255 1102 350 1145 πρὸς
373 1104 496 1135 ταῦτα
524 1128 629 1135 .....
664 1101 851 1144 Ζώπυρος
878 1103 898 1135 ό
927 1101 1055 1144 ἰατρὸς
1082 1102 1123 1136 εὖ
1151 1102 1249 1143 μάλα
1274 1105 1354 1142 τοῖς
1381 1085 1548 1136 Ἐπικού-

122 1177 191 1210 ρου
217 1168 345 1207 λόγοις
371 1165 615 1208 ἐνωμιληκώς
642 1166 710 1199 οὐκ
738 1166 813 1208 ἔφη
841 1167 1102 1208 προσέχοντας
1131 1167 1270 1207 αὐτοὺς
1294 1165 1550 1207 ἀνεγνωκέναι

121 1231 166 1265 τὸ
185 1231 407 1274 Ἑπικούρου
427 1231 660 1272 Συμπόσιον’
691 1231 735 1264 οὐ
755 1231 826 1273 γὰρ
855 1231 984 1273 ῶσπερ
1014 1231 1048 1264 ἐξ
1073 1230 1190 1274 ἀρχῆς
1216 1241 1318 1271 τινος
1347 1232 1405 1264 καὶ
1436 1241 1548 1264 κατα-

122 1296 296 1336 στάσεως
325 1298 442 1330 τοῡτο
477 1296 677 1339 πρόβλημα
704 1296 963 1339 ποιησάμενον
992 1297 1073 1329 εἶτα
1100 1296 1238 1337 λόγους
1265 1295 1323 1329 ἐπ’
1352 1296 1458 1338 αὐτῷ
1485 1305 1548 1328 πε-

122 1360 275 1405 ραίνειν,
317 1359 412 1395 ἀλλὰ
437 1361 527 1401 τοὺς
553 1361 664 1401 νέους
696 1360 903 1394 ἀνιστάντα
937 1362 1030 1402 μετὰ
1067 1361 1220 1394 δεῖπνον
1253 1360 1304 1401 εἰς
1337 1359 1549 1403 περίπατον

123 1426 184 1461 ἐπὶ
216 1428 475 1470 σωφρονισμῷ
509 1426 745 1467 διαλέγεσθαι
779 1427 839 1459 καὶ
866 1425 1092 1468 ἀνακρούειν
1122 1425 1197 1458 ἀπὸ
1223 1427 1302 1458 τῶν
1330 1425 1549 1466 ἐπιθυμιῶν,

123 1492 176 1533 ὡς
201 1491 259 1526 ἀεὶ
285 1492 352 1534 μὲν
380 1490 614 1536 ἐπισφαλοῦς
641 1491 692 1531 εἰς
720 1492 860 1533 βλάβην
886 1494 956 1525 τοῦ
985 1491 1208 1533 πράκ-υατος
1237 1490 1358 1531 ὄντος,
1392 1490 1550 1523 κάκιστοι

125 1557 165 1591 δὲ
191 1558 282 1598 τοὺς
307 1556 410 1600 παρὰ
435 1557 557 1591 πότον
583 1558 644 1590 καὶ
671 1557 815 1599 ἡδονὴν
843 1557 1060 1599 χρωμένους
1088 1556 1193 1599 αὐτῷ
1222 1555 1465 1595 διατιθέντος.
1520 1554 1551 1588 εἰ

123 1622 165 1656 δὲ
197 1622 243 1664 δὴ
276 1623 336 1655 καὶ
369 1621 679 1665 προηγουμένως,
716 1622 833 1662 εἶπεν,
875 1623 1043 1663 ἐζητεῖτο
1078 1622 1161 1663 περὶ
1196 1621 1349 1661 τούτου,
1385 1619 1550 1661 πότερον

122 1687 213 1722 οὐδὲ
247 1687 346 1728 ὅλως
380 1686 562 1729 ἐσκέφθαι
599 1689 722 1727 καλῶς
758 1687 833 1728 εἶχε
867 1688 934 1719 τόν
970 1686 1188 1728 φιλόσοφον
1224 1686 1308 1727 περὶ.
1347 1683 1552 1724 συνουσίας

123 1755 256 1795 καιροῦ
283 1752 344 1786 καὶ
371 1752 490 1794 ὥρας;
534 1752 556 1792 ἢ
586 1752 731 1793 βέλτιον
763 1751 831 1792 μὲν
860 1751 899 1784 ἐν
928 1753 1045 1793 καιρῷ
1079 1751 1139 1784 καὶ
1173 1749 1268 1790 μετὰ
1294 1751 1477 1790 λογισμοῦ
1504 1748 1551 1782 τὰ

124 1819 285 1851 τοιαῦτα
310 1815 502 1860 πράττειν,
541 1816 610 1849 τὸν
639 1816 679 1850 δὲ
707 1817 838 1858 καιρὸν
867 1816 989 1856 ἄλλως
1023 1815 1089 1855 μὲν
1119 1815 1340 1849 ἐπισκοπεῖν
1368 1813 1437 1846 οὐκ
1465 1813 1551 1846 ἄτο-

124 1891 212 1924 πον,
238 1881 279 1916 ἑν
306 1881 348 1916 δὲ
375 1880 576 1925 συμποσίῳ
604 1883 663 1915 καὶ
691 1882 776 1923 περὶ
793 1880 994 1923 ,τράπεζαν
1022 1879 1200 1922 αἰσχράν’,
1229 1903 1375 1912 ......

125 1945 181 1992 (2)
206 1948 286 1980 τῶν
313 1945 345 1980 δ’
377 1946 501 1981 ἄλλων
533 1946 601 1979 τὸν
629 1945 820 1989 Ζώπυρον
853 1945 1062 1979 ἀξιούντων
1096 1945 1187 1984 τοὺς
1212 1944 1298 1986 περὶ
1323 1942 1466 1976 τούτου
1492 1941 1553 1976 λό-

125 2022 218 2053 γους
235 2011 457 2055 Ἐπικούρου
481 2011 651 2052 διελθεῖν,
679 2011 754 2053 ἔφη
781 2012 860 2044 τῶν
888 2010 954 2050 μὲν
982 2009 1079 2042 κατὰ
1109 2008 1222 2051 μέρος
1249 2006 1364 2051 <οὒῑ<>
1393 2007 1555 2049 ἀκριβῶς

127 2077 390 2119 μνημονεύειν,
432 2075 576 2110 οἴεσθαι
608 2076 649 2109 δὲ
674 2075 742 2109 τὸν
771 2075 891 2118 ἄνδρα
916 2074 984 2115 τὰς
1012 2074 1053 2108 ἐκ
1079 2075 1149 2114 τῆς
1175 2070 1382 2112 συνουσίας
1407 2070 1555 2114 πληγὰς

129 2141 290 2177 δεδιέναι
317 2140 378 2175 διὰ
404 2141 473 2175 τὸν
498 2143 578 2175 τῶν
605 2140 796 2182 σωμάτων
823 2139 972 2180 παλμὸν
1000 2138 1052 2179 εἰς
1077 2137 1248 2182 ταραχὴν
1281 2137 1342 2171 καὶ
1369 2137 1485 2171 σάλον
1513 2135 1554 2171 ἐν

127 2210 184 2252 τῷ
217 2207 384 2251 τοιούτῳ
417 2206 660 2249 βαδιζόντων.
712 2206 877 2240 καθόλου
911 2206 978 2247 μὲν
1004 2205 1082 2246 ’γὰρ
1116 2204 1153 2238 ἐξ
1182 2204 1295 2245 ἕδρας
1319 2202 1368 2236 τὰ
1394 2201 1554 2242 σώματα

129 2272 351 2316 μεθιστάναι
374 2271 547 2314 πλήκτην
574 2271 666 2305 ὄντα
693 2271 754 2304 καὶ
781 2270 973 2312 κινητικὸν
1000 2270 1167 2311 ταραχῆς
1194 2267 1262 2301 τὸν
1290 2267 1477 2310 ἄκρατον·
1506 2265 1552 2299 ἂν

129 2337 170 2371 δὲ
188 2335 314 2377 οὕτως
338 2335 478 2379 ἔχοντα
503 2335 571 2368 τὸν
598 2335 714 2374 ὄγκον
742 2334 850 2376 ἡμῶν
869 2332 1015 2375 γαλήνη
1044 2333 1092 2373 μὴ
1121 2331 1320 2374 παραλάβῃ
1348 2331 1409 2364 καὶ
1434 2331 1554 2381 ὕπνρρρ

128 2400 208 2435 ἀλλ’
233 2401 359 2443 ἕτεραι
394 2399 454 2433 διὰ
486 2401 565 2433 τῶν
597 2398 834 2442 ἀφροδισίων
870 2398 1044 2439 κινήσεις,
1085 2396 1361 2438 ἐκθλιβομένων
1395 2395 1456 2428 καὶ
1489 2382 1553 2436 μο-

127 2464 369 2508 χλευομένων
394 2466 472 2498 τῶν
492 2464 652 2506 μάλιστα
678 2464 830 2497 συνδεῖν
857 2463 917 2496 καὶ
944 2463 1082 2496 κολλᾶν
1109 2461 1154 2495 τὸ
1181 2464 1291 2502 σῶμα
1310 2459 1555 2502 πεφυκότων,

250 2608 271 2641 3
298 2606 526 2649 ἀποβάλλειν
554 2617 601 2640 sc.
629 2606 696 2640 τὸν
724 2606 830 2640 οἶνον
891 2606 895 2648 Ι
953 2606 973 2638 5
1001 2605 1116 2647 ἔχωσι
1142 2604 1245 2636 libri:
1274 2614 1363 2636 corr.
1391 2602 1557 2644 Wytten-

129 2668 279 2701 bachius
309 2667 325 2711 ΙΙ
358 2666 401 2700 19
417 2667 578 2709 μάλιστα
597 2666 637 2700 δὲ
656 2665 748 2706 τοὺς
766 2665 850 2707 περὶ
868 2664 969 2697 libri:
990 2674 1077 2696 corr.
1095 2663 1191 2695 idem
1220 2661 1226 2707 Ι
1254 2662 1302 2695 24
1320 2661 1390 2696 οὐκ
1409 2660 1556 2703 ἄπορον

130 2727 234 2761 libri:
262 2726 562 2769 eorr.Xy1ander
597 2726 602 2768 Ι
637 2725 683 2759 27
709 2724 778 2758 οὐκ
807 2723 947 2756 addidit
966 2721 1270 2765 XVyttenbachius
