1842 3250
198 236 238 269 fr.
266 235 336 269 397
698 237 902 270 EPICVRI
928 238 1113 271 ETHICA
1544 238 1615 272 265

197 353 277 396 ipsa
307 358 434 386 natura
467 353 670 395 incorrupte
699 357 805 395 atque
838 352 975 393 integre
1002 353 1194 385 iudicante.
1246 354 1365 396 itaque
1391 358 1498 393 negat
1524 364 1614 396 opus

198 427 277 449 esse
303 417 440 449 ratione
467 427 583 460 neque
610 417 866 460 disputatione,
901 427 1004 460 quam
1032 418 1080 450 ob
1107 428 1179 450 rem
1206 417 1373 460 uoluptas
1405 418 1614 461 expetenda,

198 481 389 522 fugiendus
409 481 515 513 dolor
534 481 595 513 sitt
623 481 746 513 sentiri
773 481 861 514 haec
887 486 998 524 putat,
1026 488 1062 514 ut
1089 482 1204 514 calere
1231 483 1359 523 ignem,
1387 483 1505 514 niuem
1535 492 1614 513 esse

198 546 326 585 albam,
349 546 419 578 mel
447 545 570 578 dulce:
604 556 755 588 quorum
783 545 875 578 nihil
903 551 1068 589 oportere
1096 547 1283 589 exquisitis
1310 547 1508 579 rationibus
1533 557 1615 578 con-

156 616 172 641 5
198 609 347 648 firmare,
386 615 520 641 tantum
550 619 630 642 esse
663 610 748 641 satis
788 610 980 642 admonere
1007 635 1129 644 .....
1180 611 1321 643 Etenim
1355 612 1522 654 quoniam
1554 611 1614 643 de·

197 674 318 706 tractis
348 673 393 706 de
420 674 566 706 homine
593 674 759 706 sensibus
787 674 918 717 reliqui
945 675 1036 706 nihil
1065 681 1128 713 est,
1166 686 1312 708 necesse
1341 681 1406 714 est,
1443 676 1530 719 quid
1555 681 1613 708 aut

198 737 242 769 ad
266 743 424 769 naturam
452 724 513 770 aut
539 742 662 770 contra
689 738 747 777 sit,
775 749 794 770 a
820 743 945 770 natura
971 740 1049 782 ipsa
1075 740 1237 772 iudicari.
1289 750 1328 772 ea
1354 741 1440 783 quid
1464 740 1615 782 percipit

197 806 255 834 aut
280 802 367 844 quid
398 801 536 835 iudicat
563 812 634 845 quo
661 807 720 834 aut
745 808 842 846 petat
870 811 929 835 aut
959 804 1071 845 fugiat
1097 805 1247 847 aliquid,
1288 809 1426 846 praeter
1452 805 1616 847 uolupta-

194 872 266 899 tem
294 870 328 898 et
355 866 541 899 dolorem?
568 892 688 900 .....

109 933 171 967 (32)
244 930 313 962 Sed
341 936 379 963 ut
404 931 630 974 perspiciatis
664 932 758 963 unde
792 932 907 964 omnis
945 934 1013 964 iste
1049 940 1151 965 natus
1184 944 1281 965 error
1316 934 1360 965 sit
1393 933 1614 977 uoluptatem
1638 939 1714 963 c.10

139 1001 168 1025 ιι
196 996 435 1027 accusantium
461 995 696 1038 doloremque
723 996 955 1035 laudantium,
982 1003 1090 1029 totam
1117 1008 1189 1030 rem
1216 999 1369 1040 aperiam
1397 1009 1509 1040 eaque
1536 999 1614 1041 ipsa

195 1070 286 1102 quae
319 1061 363 1092 ab
397 1060 464 1093 illo
497 1061 685 1093 inuentore
718 1061 880 1094 ueritatis
918 1068 952 1094 et
988 1063 1090 1105 quasi
1126 1063 1319 1095 architecto
1357 1064 1482 1095 beatae
1517 1064 1613 1096 uitae

195 1125 290 1157 dicta
318 1129 399 1156 sunt
426 1124 627 1167 explicabo.
681 1135 785 1157 nemo
814 1126 906 1157 enim
935 1126 1048 1168 ipsam
1076 1126 1307 1168 uoluptatem,
1335 1127 1419 1169 quia
1444 1128 1612 1171 uoluptas

193 1189 250 1226 sit,
286 1194 498 1232 aspernatur
524 1194 583 1221 aut
609 1189 686 1221 odit
712 1195 771 1221 aut
798 1190 901 1231 fugit,
943 1191 1006 1222 scd
1034 1191 1116 1232 quia
1143 1196 1380 1223 consecuntur
1405 1193 1522 1234 magni
1550 1193 1612 1224 do·

138 1258 170 1283 15
193 1253 291 1285 lores
318 1263 380 1285 eos
407 1253 470 1297 qui
496 1253 634 1286 ratione
662 1254 884 1297 uoluptatem
910 1256 1010 1297 sequi
1038 1256 1211 1288 nesciunt.
1238 1265 1354 1298 neque
1383 1266 1490 1298 porro
1517 1256 1612 1298 quis-

192 1328 297 1361 quam
324 1323 378 1350 est
405 1317 467 1361 qui
494 1317 658 1350 dolorem
683 1318 813 1361 ipsum,
842 1319 925 1361 quia
952 1319 1059 1351 dolor
1085 1319 1141 1356 sit,
1170 1324 1262 1351 amet
1287 1325 1512 1352 consectetur
1539 1321 1611 1352 adi-

191 1382 282 1425 pisci
309 1382 409 1421 uelit,
436 1383 500 1415 sed
528 1383 610 1425 quia
638 1394 709 1415 non
737 1394 927 1425 numquam
957 1383 1034 1415 eius
1061 1384 1159 1416 modi
1187 1389 1347 1427 tempora
1372 1385 1545 1423 incidunt,
1573 1390 1609 1416 ut

191 1447 316 1479 labore
343 1452 378 1479 et
405 1447 531 1479 dolore
558 1458 721 1489 magnam
749 1448 902 1490 aliquam
930 1454 1077 1490 quaerat
1107 1449 1337 1492 uoluptatem.
1381 1454 1418 1480 ut
1445 1450 1538 1481 enim
1564 1451 1608 1482 ad

191 1511 335 1544 minima
360 1512 513 1551 ueniam,
553 1513 632 1555 quis
666 1518 825 1544 nostrum
853 1513 1142 1545 exercitationem
1171 1513 1281 1545 ullam
1312 1514 1473 1556 corporis
1499 1514 1609 1549 susci-

133 1581 167 1606 ·20
191 1576 242 1619 pit
274 1576 493 1609 laboriosam
525 1577 597 1609 nisi
628 1582 666 1609 ut
698 1575 835 1619 aliquid
869 1588 909 1609 ex
944 1588 985 1609 ea
1018 1579 1194 1609 commodi
1225 1578 1486 1621 consequatur?
1528 1579 1607 1622 quis

191 1646 307 1673 autem
341 1640 400 1672 uel
431 1651 509 1673 eum
544 1641 620 1673 iure
651 1641 933 1684 reprehenderit,
973 1643 1034 1684 qui
1061 1643 1097 1674 in
1125 1653 1164 1674 ea
1191 1643 1377 1685 uoluptate
1411 1643 1500 1674 uelit
1529 1653 1608 1674 esse

189 1715 293 1748 quam
321 1705 412 1737 nihil
438 1706 626 1738 molestiae
654 1712 903 1749 consequatur,
940 1708 996 1739 uel
1027 1707 1140 1746 illum,
1175 1708 1235 1750 qui
1262 1708 1423 1740 dolorem
1450 1717 1530 1739 eum
1557 1708 1608 1739 fu-

101 1770 165 1803 (33)
189 1769 263 1810 giat
281 1780 352 1812 quo
375 1770 541 1813 uoluptas
569 1770 667 1802 nulla
687 1772 863 1813 pariatur?
893 1776 926 1803 at
955 1783 1039 1803 uero
1069 1782 1130 1804 eos
1159 1777 1191 1803 et
1218 1782 1424 1804 accusamus
1453 1778 1487 1804 et
1513 1773 1607 1805 iusto

189 1833 275 1866 odio
311 1834 544 1875 dignissimos
581 1836 757 1874 ducimus,
798 1837 857 1880 qui
895 1837 1083 1868 blanditiis
1113 1837 1352 1879 praesentium
1386 1837 1608 1881 uoluptatum

131 1903 166 1928 ⁴35
189 1898 340 1931 deleniti
371 1906 477 1942 atque
509 1901 679 1944 corrupti,
719 1912 810 1943 quos
845 1901 990 1933 dolores
1024 1907 1058 1933 et
1090 1912 1178 1944 quas
1211 1902 1395 1934 molestias
1427 1903 1608 1946 excepturi

188 1963 269 2002 siut,
307 1963 492 1996 obcaecati
519 1965 717 2008 cupiditate
751 1966 1066 2016 non=prouident;
1106 1966 1285 2008 similique
1321 1971 1400 1998 sunt
1433 1967 1468 1997 in
1503 1967 1608 2009 culpa

187 2028 249 2070 qui
276 2028 394 2060 officia
413 2029 582 2061 deserunt
607 2029 761 2062 mollitia
789 2030 905 2068 animi,
934 2030 970 2062 id
999 2035 1051 2062 est
1073 2030 1237 2062 laborum
1265 2036 1298 2062 et
1326 2031 1492 2063 dolorum
1513 2031 1607 2073 suga.

188 2096 223 2123 et
242 2092 363 2125 harum
383 2093 527 2136 quidem
553 2104 669 2126 rerum
697 2093 813 2125 facilis
842 2100 895 2126 est
918 2099 952 2125 et
981 2094 1146 2137 expedita
1170 2095 1365 2127 distinctio.
1394 2105 1471 2126 nam
1490 2095 1607 2127 libero

187 2161 359 2200 tempore,
393 2168 471 2189 cum
499 2157 617 2190 soluta
643 2158 749 2190 nobis
776 2164 829 2189 est
857 2157 1015 2198 eligendi
1045 2158 1145 2200 optio
1174 2169 1323 2201 cumque
1352 2159 1440 2190 nihil
1470 2159 1606 2202 inpedit

131 2227 164 2253 30
188 2231 260 2263 quo
288 2221 403 2253 minus
430 2221 467 2253 id
495 2222 592 2264 quod
619 2222 768 2254 maxime
796 2222 934 2265 placeat
962 2223 1079 2254 facere
1106 2223 1298 2264 possimus,
1339 2223 1453 2255 omnis
1481 2224 1607 2266 uolup-

187 2291 241 2317 tas
267 2287 481 2319 assumenda
508 2291 574 2324 est,
602 2287 718 2319 omnis
746 2286 852 2318 dolor
878 2286 1120 2329 repellendus.
1148 2288 1371 2329 temporibus
1396 2293 1512 2322 autem
1532 2288 1608 2330 qui·

188 2349 341 2382 busdam
369 2355 402 2383 et
429 2356 488 2383 aut
513 2351 644 2384 officiis
664 2352 797 2384 debitis
818 2356 876 2383 aut
897 2362 1011 2383 rerum
1032 2352 1307 2384 necessitatibus
1327 2362 1434 2394 saepe
1454 2352 1606 2391 eueniet,

188 2419 226 2446 ut
254 2419 288 2446 et
314 2415 518 2458 uoluptates
546 2416 788 2460 repudiandae
816 2417 886 2448 sint
914 2422 949 2448 et
975 2416 1160 2448 molestiae
1188 2427 1260 2448 non
1288 2417 1517 2448 recusandae.
1545 2417 1608 2448 ita-

188 2490 258 2522 que
285 2490 404 2512 earum
433 2491 550 2513 rerum
576 2480 635 2512 hic
662 2486 802 2512 tenetur
827 2492 844 2512 a
873 2480 1032 2522 sapiente
1060 2481 1225 2516 dilectus,
1267 2486 1303 2512 ut
1332 2487 1390 2512 aut
1417 2481 1606 2512 reiciendis

130 2549 164 2575 ³5
188 2541 434 2583 uoluptatibus
471 2542 625 2574 maiores
660 2542 749 2574 alias
786 2548 1026 2584 consequatur
1060 2548 1118 2574 aut
1152 2544 1376 2585 perferendis
1416 2544 1605 2577 doloribus

188 2605 386 2648 asperiores
414 2606 576 2649 repellat.
605 2631 724 2639 .....

309 2714 330 2747 5
357 2713 477 2746 locum
503 2714 679 2755 integrum
708 2714 793 2746 dedi
821 2715 860 2748 sr.
879 2715 949 2748 256
988 2716 992 2759 Ι
1041 2716 1082 2747 10
1109 2715 1216 2759 error}
1245 2717 1288 2750 cf.
1312 2717 1378 2760 Ep.
1399 2727 1454 2760 ep.
1475 2725 1515 2750 111
1537 2718 1602 2751 131

187 2783 220 2815 p.
241 2772 298 2811 64,
316 2772 338 2805 8
386 2773 391 2815 Ι
438 2774 481 2806 31
511 2776 746 2816 depellendus
773 2775 808 2806 A
