1846 3288
507 280 574 313 DE
599 281 890 316 SENTENTIIS
915 282 1122 316 EPICVRI
1420 282 1528 316 XLV

117 404 259 435 contra
288 396 492 447 siquidem
523 404 697 434 mortem
730 398 784 434 nil
818 399 870 435 ad
903 411 980 436 nos
1012 399 1217 448 pertinere
1253 399 1432 449 Epicuro
1463 401 1525 439 fir-

115 466 339 503 missimum
375 465 485 502 uitae
517 465 666 503 beatae
697 467 945 514 praesidium
979 466 1065 511 fuit,
1098 479 1183 504 non
1214 468 1348 505 minus
1381 480 1526 506 neces-

115 533 221 570 saria
257 532 419 570 fuerunt
457 532 545 569 eius
586 534 821 571 sententiae
853 533 1123 572 fundamenta
1156 547 1208 571 ex
1239 535 1417 584 physicis
1454 548 1525 586 pe·

114 600 251 648 tenda,
294 610 466 650 corpora
501 606 543 636 et
581 600 703 637 inane
733 612 826 638 esse
858 608 1047 639 naturam
1079 614 1226 651 rerum,
1259 603 1420 641 tertiam
1452 616 1523 642 na-

114 674 243 706 turam
271 667 421 705 nullam
449 678 543 704 esse
574 678 718 713 rerum,
753 669 930 706 animam
962 681 1213 719 corpoream,
1241 671 1362 719 igitur
1382 677 1424 708 et
1452 683 1521 708 na-

114 736 242 773 tiuam
273 741 314 772 et
345 735 561 772 mortalem
592 746 702 773 esse:
736 735 830 773 nihil
854 736 994 774 horum
1018 737 1150 787 attigit
1182 738 1422 789 conpilator,
1454 739 1525 788 qui

111 802 279 852 physica
303 803 444 839 'omnia
466 803 634 851 spreuit,
666 803 843 840 adsciuit
872 805 1086 842 canonica.
1132 817 1267 854 neque
1298 807 1431 843 solum
1463 818 1524 843 re·

111 882 197 909 rum
243 871 430 907 delectus
468 871 643 907 alienam
683 882 848 907 manum
889 873 1036 919 prodit.
1098 874 1235 910 insunt
1277 874 1384 911 enim
1428 886 1524 911 sen-

111 938 279 982 tentiae,
326 947 432 986 quas
473 943 517 974 ut
556 937 595 974 in
633 939 825 975 continua
868 938 1151 988 disputatione
1193 941 1366 989 scriptas
1407 941 1524 979 facile

111 1011 152 1042 et
187 1005 402 1054 intellegas
436 1010 476 1042 et
516 1004 635 1049 feras,
673 1005 729 1043 ita
764 1005 896 1043 libello
933 1007 1168 1045 memoriter
1206 1008 1432 1046 ediscendo
1464 1009 1523 1046 in·-

111 1073 344 1122 eptissimas
369 1072 537 1115 iudices,
569 1078 614 1110 ut
642 1078 688 1111 Χ,
719 1078 798 1111 ΧΧ.
828 1079 948 1112 XXIV
979 1080 1020 1110 et
1051 1080 1247 1122 quattuor
1276 1082 1522 1124 postremae.

109 1152 194 1177 non
224 1153 304 1188 ego
337 1140 496 1177 somnia
528 1151 658 1177 narro.
704 1141 742 1176 in
777 1140 941 1189 Epicuri
971 1140 1067 1190 περὶ
1099 1139 1280 1191 φύσεως
1313 1144 1521 1181 uolumine

109 1209 265 1244 incerto
298 1207 377 1249 illo,
413 1208 528 1244 cuius
560 1208 753 1257 reliquias
786 1206 1054 1257 Gomperzius
1088 1210 1127 1245 in
1162 1209 1397 1248 Studiorum
1424 1210 1520 1248 Vin-

109 1275 411 1313 dobonensium
444 1281 469 1314 t.
492 1282 509 1314 Ι
540 1288 578 1324 p.
601 1275 654 1313 28
677 1287 764 1324 sqq.
799 1276 1047 1313 concinnare
1076 1278 1245 1321 studuit,
1276 1277 1377 1316 haec
1399 1278 1521 1316 habo-

108 1354 202 1388 mus,
228 1354 266 1391 p.
289 1343 355 1391 31,
383 1344 459 1381 124
491 1339 608 1390 (VH2
639 1343 733 1381 vlf.
766 1344 816 1379 68
851 1355 884 1380 c.
920 1342 1027 1389 xm)
1066 1340 1118 1392 ἦν
1156 1343 1203 1384 δὲ
1242 1344 1293 1384 τὸ
1324 1344 1368 1386 ἐξ
1399 1342 1520 1394 ἡμῶν

108 1407 366 1459 ἐπαίσθησις
400 1409 478 1449 τοῦ
510 1406 556 1448 Εἰ
599 1407 652 1458 μὴ
686 1407 914 1459 ληψόμεθα
946 1408 1009 1460 τίς
1045 1409 1069 1449 ὁ
1102 1411 1246 1452 κανὼν
1279 1410 1347 1451 καὶ
1381 1408 1522 1464 roffi]-

106 1474 363 1527 πικρεῖν[ο]ν
394 1474 535 1516 πάντα
557 1475 610 1516 τὰ
641 1475 711 1516 διὰ
742 1471 861 1529 τῶῘν]
896 1479 1036 1518 δοξῶν
1068 1473 1394 1533 περαινό[με]να
1425 1476 1519 1520 ἀλλ’

106 1539 505 1595 ἀκολ[ο]υθήσομεν
539 1539 747 1598 [ἀ]λόγως
782 1545 877 1593 ταῖς
907 1539 1028 1598 τ[ῶ]ν
1063 1546 1236 1586 πολλῶν
1277 1541 1516 1601 φ[ο]ραῑ[ς],

107 1605 362 1666 οἰχήσετ[α]ι
406 1610 550 1652 πάντα
595 1609 689 1651 καθ’
722 1610 748 1651 ἃ
795 1607 1112 1666 διε[νοού]μεθα
1148 1612 1185 1652 τί
1226 1612 1296 1653 καὶ
1325 1612 1516 1664 ὑπεροχὴ

109 1674 194 1733 [καὶ
229 1673 447 1734 ἐλλεῖπον]
481 1696 504 1717 ε
538 1693 560 1713 σε
594 1695 602 1719 :
650 1681 718 1718 ubi
759 1683 872 1729 quod
910 1693 982 1730 pro
1023 1682 1224 1719 infinitiuo
1264 1679 1521 1731 οἰχήσεσθαι

106 1748 422 1786 insolentissime
443 1749 688 1786 indicatiuus
707 1749 907 1795 scribitur,
939 1761 1022 1798 quo
1044 1750 1213 1787 tandem
1240 1751 1366 1787 modo
1398 1756 1519 1799 putas

105 1816 188 1853 fieri
219 1816 420 1866 potuisse,
453 1817 528 1854 nisi
550 1817 797 1855 sententiam
827 1818 945 1854 certis
979 1818 1112 1855 uerbis
1141 1824 1387 1867 conceptam
1417 1819 1519 1855 suis-

105 1896 186 1933 que
224 1889 266 1921 et
301 1884 410 1921 libris
449 1890 491 1921 et
527 1884 678 1922 scholis
717 1885 1019 1934 frequentatam
1052 1885 1252 1935 Epicurus
1290 1885 1518 1934 legentibus

103 1952 144 1988 in
182 1952 420 1989 memoriam
455 1958 722 1990 reuocaturus
763 1953 946 2002 ideoque
977 1953 1221 1990 inmutatam
1256 1954 1518 2002 adpositurus

104 2017 220 2056 erat?
277 2026 443 2068 praesto
478 2020 599 2069 igitur
634 2026 699 2057 est
734 2017 857 2068 κυρία
894 2017 999 2060 δόξα
1036 2020 1228 2068 genuina,
1265 2032 1390 2070 quam
1421 2020 1518 2070 Epi-

105 2098 224 2124 curus
254 2087 344 2137 ipse
375 2093 559 2127 testetur.
605 2088 681 2125 sed
713 2099 761 2125 ea
793 2089 870 2125 etsi
902 2087 977 2124 fuit
1009 2088 1251 2137 dignissima
1280 2099 1384 2137 quae
1418 2089 1518 2126 reci-

103 2159 270 2204 peretur
308 2161 350 2192 et
387 2155 463 2192 illis
494 2161 557 2192 est
589 2155 787 2193 simillima
818 2156 1032 2193 sententiis
1064 2167 1171 2204 quae
1202 2155 1307 2192 inter
1336 2155 1409 2193 has
1442 2153 1517 2195 Κυ-

103 2219 200 2272 ρίας
237 2219 371 2272 δόξας
410 2229 603 2273 receptae
643 2228 738 2261 sunt
774 2236 811 2262 n.
842 2230 942 2263 XXV
983 2229 1024 2260 et
1054 2229 1171 2271 XXII,
1210 2223 1250 2260 in
1290 2223 1349 2260 his
1379 2228 1516 2261 tamen

101 2301 211 2328 nunc
239 2290 494 2329 desideratur
523 2302 658 2341 neque
690 2302 882 2341 umquam
913 2292 1060 2341 opinor
1087 2290 1216 2329 infuit.

214 2357 255 2394 in
294 2358 383 2407 ipsa
412 2369 578 2407 quoque
617 2358 749 2396 forma
781 2359 904 2395 libelli
935 2363 1091 2395 certum
1122 2363 1186 2395 est
1218 2357 1382 2406 originis
1412 2358 1516 2395 indi·

101 2424 217 2464 cium.
277 2426 309 2463 is
339 2426 447 2464 enim
480 2432 543 2464 est
572 2426 869 2464 sententiarum
901 2432 945 2463 ut
976 2425 1163 2464 delectus
1197 2425 1254 2463 ita
1285 2426 1401 2470 ordo,
1446 2426 1514 2475 qui

99 2503 125 2528 a
155 2492 371 2530 conditore
406 2499 547 2531 sectae
577 2493 661 2531 fieri
702 2493 869 2530 minime
901 2494 1090 2543 potuerit.
1148 2492 1283 2530 ethica
1315 2493 1515 2530 canonica

98 2558 264 2608 politica
291 2560 391 2597 miro
420 2561 548 2599 modo
569 2561 769 2609 permixta
800 2561 958 2605 uideas,
991 2561 1151 2598 ratione
1182 2559 1403 2598 coniuncta
1423 2559 1513 2597 loco

99 2625 319 2671 disiuncta,
369 2639 412 2665 re
452 2639 552 2665 uera
597 2624 683 2667 ἀπὸ
725 2624 859 2676 τύχης
906 2625 973 2665 καὶ
1015 2622 1272 2675 αὐτομάτως
1316 2627 1514 2665 coniectis

98 2689 152 2742 (p.
175 2693 270 2740 342,
295 2692 336 2743 8)
367 2695 560 2746 similiora
592 2707 717 2745 quam
749 2695 911 2744 scriptis
945 2694 1118 2731 consilio
1150 2700 1191 2731 et
1221 2695 1379 2731 ordine.
1435 2706 1512 2731 nec

96 2770 316 2808 paucarum
347 2763 645 2800 sententiarum
675 2763 772 2799 bina
805 2767 946 2799 extant
970 2763 1178 2811 exempla:
1211 2763 1384 2798 eaedem
1416 2767 1513 2799 suut

96 2828 328 2865 sententiae
363 2829 496 2866 uerbis
529 2830 729 2874 diuersae,
759 2842 842 2866 non
875 2842 929 2878 re,
959 2835 1103 2878 utpote
1137 2841 1163 2866 a
1193 2829 1391 2878 scriptore
1421 2840 1512 2877 gra-
